2884 4860
390 385 642 496 enarro-eno
664 430 816 496 ιιιοιιιι
835 433 985 496 ιοιιιι.
1103 509 1107 516 ,
1179 435 1205 498 a

105 651 111 659 .
166 593 362 692 sumpsero?
389 595 501 692 Aeque
527 597 640 670 hoeid
662 598 739 670 mihi
761 599 1004 674 eoncedendum
1016 611 1069 670 est
1085 601 1204 693 magis,

166 699 252 792 quod
278 722 322 768 ex
347 697 398 767 lais
425 698 541 772 suariis
566 698 646 770 liaeo
673 723 802 794 quoque
828 702 949 770 erescit
973 702 1074 772 oratio
1101 713 1136 770 el
1161 702 1205 770 la·

153 799 283 884 multas,
313 821 396 892 quae
425 813 681 894 quantacumque
708 802 739 870 in
766 825 817 872 me
839 823 1011 894 numquam
1032 802 1208 886 amisorum

159 899 319 990 ‚perieulis
344 899 457 976 deluit.
513 898 604 988 Quae
628 901 656 970 si
680 902 733 970 eui
758 901 864 970 levior
889 901 1034 986 videtur,
1062 901 1116 970 illa
1138 901 1206 992 qni-

165 997 237 1068 dem
271 1011 362 1068 oerte
396 1021 479 1091 quae
511 1021 634 1070 summa
664 1015 741 1070 sunt
772 1023 815 1069 ex
847 1023 910 1115 quo
943 1000 1030 1070 lonle
1063 999 1207 1068 hauriam
1262 1025 1265 1032 ’

165 1099 286 1170 sentio.
339 1098 424 1172 Nam
455 1099 518 1172 nisi
546 1099 717 1171 multorum
744 1101 927 1192 praeceptis
955 1099 1129 1213 mollisque
1154 1099 1205 1168 lit·
1224 1097 1258 1148 ¹⁴

102 1209 107 1216 '
164 1199 246 1270 teris
273 1197 350 1268 mihi
375 1197 413 1268 ab
438 1199 654 1270 adolescentia
680 1201 859 1278 suasissem
881 1198 961 1270 nihil
988 1222 1063 1268 esse
1086 1199 1118 1272 in
1139 1197 1208 1286 vita

132 1310 134 1313 ’
164 1321 362 1412 magnopere
389 1298 604 1390 expetendum
629 1302 694 1374 nisi
717 1300 844 1386 laudern
869 1314 965 1416 alque
987 1298 1205 1414 honestatem,
1273 1289 1276 1296 ’

166 1398 199 1468 in
235 1421 275 1468 ea
309 1411 416 1468 autem
451 1400 674 1492 persequenda
709 1402 812 1471 omnis
847 1402 1012 1470 eruciatus
1043 1399 1205 1491 eorporis,

146 1499 282 1567 omnia·
295 1499 439 1590 pericula
463 1502 577 1574 mortis
605 1513 701 1594 atque
724 1501 920 1592 exiliparvi
941 1523 1016 1570 esse
1038 1497 1202 1570 ducenda:

164 1621 336 1691 numquam
362 1623 412 1668 me
439 1622 497 1689 pro
523 1601 628 1670 salure
653 1614 767 1670 vestra
792 1602 826 1669 in
852 1614 960 1685 lotae
986 1613 1093 1668 tantas
1116 1599 1205 1667 dimi·

165 1699 310 1772 oaliones
334 1711 430 1788 atque
457 1698 489 1766 in
516 1697 575 1766 hos
602 1699 845 1789 profligatorum
865 1699 1029 1767 hominum
1051 1695 1205 1788 quotidia-

164 1821 225 1867 nos
251 1799 390 1889 impetus
415 1795 621 1866 obiecissem.
676 1796 742 1868 Sed
767 1798 859 1889 pleni
880 1819 990 1868 ornnes
1017 1810 1094 1869 sunt
1116 1793 1203 1898 libri,

164 1896 278 1988 plenae
305 1896 499 1988 sapientium
525 1921 639 1984 voees,
666 1897 762 2012 plena
788 1897 1009 2012 exemplorum
1034 1908 1201 1964 vetustas:

165 2019 246 2090 quae
271 1997 415 2066 iacerent
438 1998 470 2066 in
497 1995 642 2066 tenebris
670 1998 775 2066 omnia
801 1997 864 2067 nisi
889 1996 1069 2066 litterarum
1097 1996 1205 2080 lumen

165 2096 347 2166 accederet.
407 2084 511 2183 Quam
541 2071 659 2168 mullas
691 2096 826 2166 nobis
817 2098 977 2188 imagines
1008 2119 1072 2166 non
1100 2094 1204 2169 solum

164 2196 205 2266 ad
237 2192 423 2268 intuendum
452 2219 568 2272 rerum
601 2198 698 2268 eliam
729 2195 768 2266 ad
799 2195 984 2266 imitandum
1016 2196 1205 2280 fortissimo·

155 2319 236 2366 rum
261 2298 407 2366 virorum
434 2318 613 2386 expressas
636 2295 812 2385 scriptores
840 2307 873 2389 et
900 2293 1016 2364 Graeci
1041 2307 1075 2362 et
1098 2289 1207 2366 Larini

164 2397 387 2488 reliquerunt,
427 2417 506 2486 quas
539 2418 601 2487 ego
632 2393 709 2463 mihi
741 2416 870 2485 semper
898 2395 930 2463 in
958 2391 1208 2463 administranda

110 2533 116 2542 ·
165 2517 203 2566 re
227 2489 360 2586 'publiea
390 2517 573 2586 proponens
601 2495 740 2564 animum
771 2508 805 2564 ιι
835 2508 974 2564 mentem
1005 2493 1208 2585 meamipsa
1315 2536 1318 2544 ,

167 2596 362 2688 cogitatione
389 2593 550 2666 hominum
577 2595 805 2665 excellentium
831 2593 1080 2664 conformabam.

241 2727 413 2836 Quaeret
443 2749 672 2839 quispiamtn
660 2744 786 2837 »quid‘d
821 2745 909 2813 illi
900 2747 971 2835 rpsi
995 2745 1110 2816 summi
1141 2741 1205 2814 viri
1221 2749 1285 2799 ΥΠ·
1303 2746 1345 2829 “j

165 2870 301 2942 quorum
333 2849 474 2915 virtutes
506 2847 624 2914 litteris
653 2844 799 2935 proditae
827 2855 903 2912 sunt
928 2844 1033 2912 islone
1061 2841 1207 2912 doctrina

166 2970 261 3041 quam
287 2960 324 3015 ιιι
349 2940 496 3013 laudibus
524 2945 620 3015 effers
648 2945 766 3014 erudiri
792 2918 969 3014 luerunti«
995 2941 1131 3012 Difficile
1155 2955 1207 3012 est

166 3046 227 3116 lroe
264 3044 302 3118 de
340 3042 504 3117 omnibus
519 3043 731 3132 confirmare,
773 3043 831 3113 sed
860 3057 967 3113 tamen
999 3056 1051 3112 est
1081 3054 1273 3115 serlum...

167 3145 242 3240 quid
260 3145 485 3238 respondeam.
516 3143 588 3261 Ego
608 3145 726 3215 mullos
744 3143 889 3214 homines
910 3143 1085 3213 excellenti
1099 3143 1205 3226 animo

166 3271 220 3317 ao
228 3248 350 3318 virtute
377 3247 478 3315 fuisse
500 3258 534 3315 et
556 3247 626 3315 sine
650 3246 794 3315 doctrina
814 3257 949 3312 naturae
972 3243 1076 3333 ipsius
1096 3239 1206 3308 habitu

110 3421 114 3426 ,
165 3371 266 3440 prope
293 3347 402 3416 divino
424 3368 482 3436 per
509 3369 545 3414 se
573 3347 664 3436 ipsos
684 3359 718 3414 el
737 3343 922 3414 moderatos
940 3354 974 3410 et
992 3340 1103 3434 gravis
1123 3339 1205 3412 exli

89 3475 97 3502 ε
167 3449 248 3516 lisse
281 3447 406 3535 laisor3
445 3446 543 3539 eliam
573 3446 651 3524 illud
683 3445 823 3536 adiungo
856 3443 987 3534 saepius
1013 3441 1053 3510 od
1080 3439 1213 3510 laudem

167 3558 263 3639 atque
297 3548 453 3616 virtulem
484 3534 631 3618 naturam
662 3568 733 3615 sine
765 3541 910 3614 doctrina
957 3566 1030 3612 uam

59 3701 64 3708 .
157 3659 241 3727 ,eura
263 3647 413 3716 valuisse
443 3645 634 3736 doetrinarn.
647 3563 1215 3752 'dul-uffegaromrffi

168 3767 240 3815 eum
275 3745 315 3816 ad
346 3760 515 3816 naturam
528 3747 688 3822 eximiam
713 3747 812 3839 alque
842 3745 1001 3830 illustrem
1032 3738 1209 3839 accesserit
1308 3827 1315 3833 ι

250 4025 311 4089 Vl.
329 3997 386 4088 rs
407 4027 510 4104 Alqne
529 4027 588 4088 lnoo
607 4026 651 4101 id}
672 4026 838 4100 aliqualem
857 4023 937 4080 odeo.
966 4022 1208 4096 quantacumque]

170 4123 384 4194 quoommsoque
405 4120 455 4172 eol.
499 4114 550 4170 14.
572 4109 760 4195 magnopere]
781 4124 884 4182 mopso
905 4122 1010 4192 opere.¹
