2884 4860
253 461 277 526 o
475 437 627 522 oaarro
648 451 730 518 uno
748 449 901 556 neonus
919 449 1066 514 ronna.

254 649 291 696 se
316 625 378 698 iam
403 638 472 697 tum
473 623 659 741 gessisse
671 642 729 714 pro
755 621 847 705 eive,
879 619 918 689 iis
945 613 1166 707 temporibus,
1195 637 1306 718 quem
1384 701 1387 710 ¹

255 737 292 798 tu
321 725 500 798 criminaris
531 747 572 794 ne
599 722 701 815 ipsius
728 719 855 814 quidem
880 716 1033 786 iudicio
1023 739 1055 786 ιιι
1082 717 1200 786 civium
1225 716 1292 787 Ro·

255 847 420 898 manorum
454 826 524 895 iure
557 845 631 894 esse
659 833 843 904 versatum,
879 829 913 886 et
939 829 1167 900 testamentum
1192 841 1292 910 saepe

256 925 332 996 lecit
358 926 478 996 uostris
504 924 630 1016 legibus
657 932 691 986 et
715 917 793 986 adiit
814 914 1063 985 hereditates
1035 919 1152 988 orvium
1174 917 1292 989 Roma·

255 1045 371 1096 norum
402 1039 437 1096 et
465 1025 497 1094 iu
527 1018 692 1090 benefieiis
721 1015 760 1084 ad
786 1016 952 1085 aerarium
971 1016 1095 1088 delatus
1124 1031 1176 1089 est
1200 1043 1218 1087 a
1243 1018 1290 1088 L
1320 1091 1323 1096 ,

256 1120 394 1196 Lucullo
426 1120 532 1213 populi
565 1117 699 1186 Romani
736 1115 882 1184 consule.
939 1114 1068 1206 Quaere
1104 1133 1335 1212 argumenta·
1422 1159 1423 1170 ι

257 1223 285 1294 si
318 1243 380 1314 qua
410 1232 524 1311 potes3
562 1238 732 1308 numquam
765 1215 851 1284 enim
881 1215 932 1287 hio
963 1241 1068 1311 neque
1097 1243 1157 1290 suo
1188 1241 1294 1314 neque

256 1319 429 1390 omioorum
454 1316 572 1386 iudicio
599 1315 799 1385 revincetur.

138 1485 179 1536 ῃ
198 1487 239 1538 m.
359 1445 504 1538 Quaeres
530 1471 549 1516 ιι
575 1445 690 1533 nobis,
729 1445 843 1537 Grati,
872 1470 931 1517 our
957 1461 1124 1542 tantopere
1151 1440 1211 1518 hoo
1237 1447 1294 1518 ho·
1336 1459 1338 1466 ’

78 1561 83 1570 “
241 1547 339 1619 'mine
374 1547 584 1618 delectemur.
642 1545 723 1637 Quia
756 1548 940 1641 suppeditat
966 1547 1058 1619 nobis
1087 1548 1141 1619 ulti
1169 1562 1202 1618 et
1227 1549 1295 1618 ani·

257 1670 328 1720 mus
361 1671 405 1718 ex
435 1647 495 1716 hoe
526 1648 647 1736 lorensi
679 1650 818 1741 strepitu
845 1649 1011 1719 relioiatur
1038 1664 1072 1719 et
1095 1672 1192 1724 aures
1220 1671 1296 1718 cou-

256 1749 351 1818 vicio
382 1747 531 1817 defessae
569 1750 812 1843 oonquieseant.
875 1745 929 1819 An
966 1763 1001 1820 tu
1037 1750 1203 1819 existimes
1240 1761 1299 1818 out

257 1861 437 1939 suppetere
457 1845 566 1917 nolis
560 1855 676 1940 posse
688 1849 786 1940 quod
806 1838 954 1941 quodidie
981 1849 1158 1918 dicamus
1149 1871 1181 1916 m
1208 1861 1298 1918 tanta

257 1949 415 2016 varietate
446 1969 555 2017 rerum
586 1948 648 2017 nisi
679 1948 801 2016 errimus
830 1959 960 2016 nostros
990 1947 1135 2014 doctriua
1159 1945 1297 2020 excola·

235 2070 328 2142 ¹mus
357 2060 414 2116 eut
442 2047 527 2116 ferre
555 2048 676 2122 animos
703 2059 824 2114 tantam
849 2069 944 2137 posse
970 2047 1207 2115 contentionem
1234 2047 1298 2116 nisi
1383 2113 1388 2120 .

234 2154 316 2216 ‘eos
349 2146 451 2218 doot
411 2160 495 2218 trrna
526 2145 636 2216 eadem
665 2144 877 2215 relaxemus?
911 2143 1090 2239 Egrovero
1118 2147 1223 2216 fateor
1246 2170 1297 2230 me

258 2243 309 2318 tis
341 2246 454 2317 studiis
487 2269 562 2316 esse
592 2245 746 2316 deditum
802 2235 939 2316 Ceteros
972 2247 1148 2340 pudeat
1121 2271 1149 2316 su
1179 2248 1298 2339 quise

260 2347 307 2418 ita
329 2346 445 2447 litteris
473 2346 663 2416 abdiderunt
689 2360 726 2416 ut
750 2345 828 2416 nihil
853 2348 981 2440 possint
1002 2371 1046 2416 ex
1066 2347 1115 2418 his
1134 2371 1238 2440 neque
1258 2345 1299 2416 ad

260 2435 460 2516 eominunem
483 2446 608 2516 adferre
635 2447 720 2515 lruot
707 2459 773 2516 turn
800 2470 904 2538 neque
931 2447 963 2515 in
989 2461 1154 2539 aspectum
1178 2448 1298 2517 luoenr

261 2568 323 2660 que
355 2546 524 2660 prolerre3
568 2569 618 2615 me
651 2558 758 2615 autern
792 2544 867 2638 quid
896 2545 1015 2638 pudeat
1042 2549 1136 2640 quit
1123 2559 1171 2615 tot
1197 2570 1300 2616 annos

261 2645 306 2714 ita
331 2647 431 2733 vivo,
465 2645 614 2731 iudices,
650 2657 732 2714 uta
757 2645 875 2714 nullius
901 2667 1049 2740 umquam
1077 2668 1127 2714 me
1155 2657 1301 2736 tempore

263 2756 319 2814 ant
344 2745 542 2816 commodum
568 2757 626 2815 aut
652 2744 752 2814 otium
778 2766 883 2814 meum
901 2743 1171 2816 altstraxeritout
1187 2745 1300 2836 volup·

212 2871 247 2920 aa
265 2858 314 2914 tas
344 2846 489 2915 avocarit
518 2858 574 2915 aut
605 2844 742 2936 denique
777 2867 908 2914 somnus
937 2841 1133 2914 retardarit?
1192 2842 1300 2934 Quare

264 2945 351 3036 quis·
372 2942 500 3013 tandem
533 2968 584 3013 me
613 2944 828 3036 reprehendat
853 2957 909 3014 aut
934 2945 1006 3038 quis
1030 2945 1104 3014 milri
1131 2945 1201 3014 iure
1228 2967 1301 3016 suo·

265 3058 417 3130 censeat,
462 3045 490 3116 si
523 3057 675 3135 quantum
708 3044 826 3112 ceteris
858 3042 897 3113 ad
930 3066 1005 3134 susp
1036 3067 1089 3116 res
1122 3043 1300 3132 obeundas,

265 3157 419 3236 quantum
445 3141 495 3212 ad
512 3143 612 3212 festos
641 3141 708 3210 dies
733 3141 881 3211 ludorum
898 3142 1120 3231 celebrandos,
1150 3159 1303 3257 quantum

265 3242 305 3312 ad
330 3243 409 3311 alias
435 3242 620 3333 voluptates
647 3254 681 3310 et
706 3241 781 3310 ad'
773 3265 873 3334 rpsam
899 3245 1043 3340 requiem
1067 3243 1161 3311 animi
1181 3257 1214 3311 et
1231 3239 1315 3310 oor‘

264 3341 353 3436 poris
377 3341 603 3430 concediturt
590 3355 782 3432 temporum,
811 3356 963 3436 quantum
989 3331 1048 3412 alii
1060 3339 1237 3410 tribuuntt
1224 3354 1303 3410 t-ern
1322 3423 1325 3430 .
1365 3393 1368 3402 s

265 3441 402 3534 pestivis
428 3442 607 3528 conviviis,
636 3455 788 3534 quantum
815 3441 951 3534 denique
978 3437 1122 3526 pineolo,
1151 3454 1304 3533 quantum

266 3541 373 3638 pilae:
411 3554 535 3611 tanturn
566 3540 640 3610 milri
675 3556 805 3635 egomet
831 3543 871 3612 ad
896 3542 976 3609 haeo
1001 3538 1107 3609 studia
1133 3540 1305 3613 recolenda

349 3797 392 3858 V.
418 3809 466 3858 11.
496 3823 527 3860 se
556 3803 625 3874 iam]
655 3803 720 3873 [ito]
742 3819 772 3856 se
800 3801 868 3856 teor.
910 3817 996 3870 quem
1022 3801 1066 3872 tu]
1094 3819 1166 3875 quoe
1191 3809 1231 3858 ιιι.
1273 3800 1322 3858 in'

260 3883 384 3956 sirium]
414 3903 476 3941 eum
503 3889 533 3943 iu
550 3883 675 3943 'atomos‘
704 3881 804 3955 populi
832 3877 958 3939 Romani
980 3881 1110 3954 consule]
1131 3891 1260 3958 praetore
1280 3891 1307 3940 et

266 3966 386 4022 consule.
427 3961 485 4024 Vl.
520 3973 589 4024 12.
603 3985 653 4023 eur
680 3965 842 4038 tantopere]
872 3979 922 4022 ouo
950 3972 1030 4023 toute
1060 3975 1180 4041 opere.
1192 3983 1224 4024 se
1253 3966 1305 4038 ito]

265 4049 365 4105 itoso.
408 4045 567 4121 anullino]
589 4046 758 4106 obauditus.
801 4055 849 4105 ent
869 4045 1059 4132 commodum]
1081 4055 1132 4108 αιιι
1153 4023 1306 4106 commodo.
1359 4075 1365 4082 ·

268 4133 318 4188 13.
345 4129 474 4205 alveolo]
504 4131 592 4190 otono
655 4203 658 4208 .
