2884 4860
313 437 359 504 ac
462 412 483 484 f
537 401 690 502 onomo
711 436 792 502 nno
814 421 1133 512 montaneam.

262 631 304 698 tn,
387 600 525 695 'Quanc
552 618 763 692 conservatc3
797 600 940 694 indices,
977 603 1136 674 hominem
1163 603 1285 695 pudone
1313 625 1353 674 eo

316 727 411 800 quem
442 707 617 776 anticorum
642 705 771 794 vidctis
786 703 976 796 conprobani
1001 726 1073 774 cum
1100 703 1258 796 dignitate
1284 718 1354 774 tum

316 808 413 876 etiam
434 819 622 889 venustate,
649 806 780 898 ingenio
805 817 912 874 autem
934 815 1024 874 tanto
1051 818 1204 897 quantum
1224 805 1256 874 id
1278 827 1353 878 con·

239 939 242 946 ·
314 907 407 977 venit
444 906 747 1000 existimari'quod
785 926 982 976 summorum
1020 903 1179 976 hominum
1212 904 1353 998 ingeniis

289 1007 291 1013 ’
316 1007 500 1098 expetitum
527 1007 601 1074 ess'c
633 1005 793 1092 videatis,
836 1026 1056 1076 caussavcno
1085 1004 1242 1074 eiusmodi
1270 1027 1354 1097 quae

315 1103 472 1175 benelicio
504 1105 607 1196 legis,
644 1105 838 1174 auctoritate
865 1105 1036 1196 municipi,
1074 1105 1259 1174 testimonio
1285 1104 1355 1175 Lu·
1393 1097 1395 1104 ’

317 1206 410 1291 culli,
440 1203 556 1273 tabulis
583 1201 706 1276 Metelli
730 1203 960 1299 conprobetur.
1004 1202 1095 1293 Quae
1114 1200 1194 1274 'cum
1219 1205 1265 1274 ita
1288 1205 1357 1274 sint

316 1304 454 1394 petimus
483 1303 642 1388 avallis,
681 1303 828 1390 iudices,
865 1305 894 1373 si
920 1326 983 1397 qua
1009 1329 1072 1393 non
1098 1304 1198 1374 modo
1218 1304 1358 1398 humana

221 1423 224 1428 ·
316 1425 431 1472 verum
456 1402 551 1473 etiam
576 1403 683 1472 divina
709 1403 858 1474 intentis
883 1395 1023 1497 ingeniis
1046 1403 1278 1474 commendatio
1299 1404 1356 1474 de-

315 1500 372 1574 bct
397 1526 490 1591 csse,
532 1516 569 1573 ut
594 1526 667 1572 cum
693 1505 851 1597 quivos,
880 1506 944 1598 qui
968 1517 1098 1574 vestros
1125 1504 1354 1595 imperatores,

273 1643 275 1647 ·
316 1604 371 1697 qui
406 1604 516 1696 populi
550 1602 683 1675 llontani
716 1628 770 1675 res
793 1617 918 1696 ‘gestas
954 1620 1083 1696 semper
1113 1597 1265 1690 ornavit5
1300 1605 1358 1697 qui

218 1749 223 1756 -
268 1774 273 1784 ,
317 1704 426 1773 ctiam¹
443 1704 502 1774 his·
518 1704 702 1780 recentibus
728 1706 849 1774 nostris
874 1706 1060 1798 vestrisque
1088 1701 1271 1775 domesticis
1286 1727 1357 1795 qe·

316 1804 428 1875 riculis
459 1819 626 1875 aeternum
656 1829 693 1874 se
725 1807 943 1875 testimonium
972 1805 1074 1874 laudis
1103 1804 1251 1875 daturum
1280 1827 1358 1872 esse

230 1975 234 1986 ,
303 1901 489 1992 'profitetur
519 1905 611 1993 isque
644 1916 694 1971 cst
723 1927 765 1971 ex
797 1927 848 1974 eo
870 1926 1003 1972 numero
1036 1903 1089 1993 qui
1118 1899 1245 1991 semper
1270 1902 1360 1992 opud

185 2009 187 2021 ’
254 2075 257 2077 ,
317 2000 420 2068 omnis
451 2001 552 2069 sancti
579 2012 655 2069 sunt
679 1999 777 2068 habiti
803 2001 912 2091 itaque
938 2001 1034 2083 dicti,
1079 1999 1184 2070 sio-in
1211 2013 1359 2072 vestram

317 2099 483 2190 accipiatis
523 2097 618 2167 iidem
653 2111 690 2167 ut
720 2098 915 2168 humanitate
945 2110 1058 2168 vestra
1088 2098 1216 2169 levatus
1234 2103 1356 2192 lpotius

265 2239 300 2288 32
319 2221 412 2294 quam
450 2199 623 2270 acerbitate
661 2192 802 2268 violatus
827 2215 916 2281 „css‘e
949 2197 1111 2268 videatur.
1179 2197 1287 2288 Quae
1313 2199 1357 2294 de
1430 2263 1431 2274 ,

317 2324 432 2376 caussa
462 2300 519 2392 qino
554 2323 626 2370 mea
659 2293 890 2372 consuetudine
923 2297 1068 2368 breviter
1101 2299 1356 2394 simpliciterque
1430 2299 1431 2356 l

220 2447 222 2453 -
317 2402 404 2487 dixi,
432 2400 571 2485 iudices,
600 2422 637 2468 ea
663 2398 787 2468 conlido
813 2398 947 2491 probata
972 2423 1047 2470 csse
1074 2399 1357 2494 continuosque
1430 2455 1431 2474 t

316 2501 503 2570 conterno
525 2522 597 2568 mea
615 2497 820 2592 iudicialique
843 2499 1132 2570 consuetudinem
1154 2501 1192 2568 de
1215 2500 1355 2570 hominis

317 2600 447 2693 ingenio
478 2600 753 2670 etcommuniter
782 2599 822 2673 dc
848 2600 950 2692 ipsius
977 2598 1083 2669 studio
1110 2599 1238 2668 locutus
1261 2621 1354 2688 sum,
1430 2647 1431 2656 κ

318 2725 376 2795 ea,
404 2694 547 2789 iudices,
576 2700 711 2771 anobis
736 2723 830 2792 spero
852 2705 928 2769 esse
955 2699 988 2767 in
1013 2697 1128 2766 bonam
1150 2712 1279 2790 =partem
1301 2724 1355 2771 nc-

217 2803 221 2812 '
259 2869 262 2878 ,
319 2815 431 2896 cepta,
459 2801 499 2871 ab
527 2825 566 2872 eo
592 2803 646 2896 qui
672 2802 830 2878 iudicium,
852 2810 987 2872 exercet
1012 2797 1101 2870 celte
1128 2798 1247 2899 scio„

400 3081 475 3146 ΧΠ.
500 3091 550 3142 31.
571 3105 634 3147 cnm
656 3083 809 3160 dignitate]
830 3093 890 3144 loco
911 3085 1055 3158 diqoitotc.
1077 3082 1238 3154 venuslale]
1260 3092 1356 3152 octoc-

247 3219 249 3226 ,
317 3176 384 3228 toto.
423 3169 562 3242 ingeniis]
590 3173 716 3243 nequltia.
747 3166 862 3241 ‘laudis]
890 3167 1015 3225 laudona.
1052 3166 1149 3238 isque]
1175 3170 1283 3240 quique.
1317 3185 1356 3224 ex
1384 3193 1389 3196 -

180 3247 183 3260 '
257 3309 260 3321 ,
320 3271 354 3310 eo
379 3253 512 3322 numero]
541 3269 573 3308 co
602 3269 725 3309 numero.
756 3253 866 3325 itaque]
889 3259 983 3324 etque.
1016 3253 1066 3304 ³2.
1090 3266 1166 3319 qnae·
1185 3266 1244 3302 non
1264 3247 1356 3304 ferme

294 3399 298 3410 Δ
318 3351 384 3393 mee
404 3333 601 3408 iudicialique]
622 3351 694 3410 quoe
713 3352 771 3392 ooo
790 3334 858 3406 foci,
879 3349 968 3410 oeque
988 3329 1126 3392 iudicioli.
1159 3329 1249 3402 certe}
1271 3338 1355 3388 neoto.
