2884 4860
200 479 203 484 -
329 444 763 544 ounr1ornonncnm
785 451 934 516 nonna.
1111 455 1152 517 nr
1225 419 1230 428 ’

110 619 218 690 nostri
242 618 275 690 in
301 603 467 689 civitatem
480 628 705 711 receperunt:
735 641 795 688 nos
813 618 897 690 hunc
915 618 1155 692 Heracliensem

112 720 222 792 multis
256 719 446 789 civitatibus
482 719 683 811 expetitum,
724 719 758 789 in
792 717 853 788 hac
885 734 994 792 autem
1026 719 1154 814 legibus

113 821 324 890 constitutum
350 819 390 889 de
416 831 530 906 nostra
556 821 690 890 civitate
713 817 907 890 eiicicmus?

214 971 299 1042 Num
331 971 362 1040 si
391 972 463 1065 quis
491 973 646 1043 minorem
678 973 803 1066 gloriae
831 973 969 1043 fructum
994 983 1087 1063 putat
1113 993 1156 1040 ex
1172 1000 1211 1050 ῃ
1228 995 1264 1054 ²³
1330 1003 1335 1016 ·

116 1069 252 1144 Graecis
284 1071 435 1142 versibus
470 1074 592 1166 percipi
620 1096 713 1167 quam
737 1097 780 1143 ex
801 1072 950 1160 Latinis,
983 1072 1156 1141 vehemen·
1201 1147 1204 1156 ,
1306 1103 1311 1110 ·

115 1185 170 1262 ter
193 1186 299 1260 errat,
327 1185 499 1264 propterca
526 1173 610 1266 quod
638 1171 762 1244 Graeca
788 1173 942 1266 leguntur
958 1161 991 1241 io
1011 1169 1157 1242 omnibus

117 1273 185 1344 lere
213 1272 386 1365 gentibus,
416 1272 534 1343 Latina
559 1275 627 1344 suis
654 1273 771 1344 finibus
797 1274 926 1366 exiguis
952 1295 1029 1342 sanc
1057 1273 1158 1341 conti·
1244 1309 1247 1316 ·

116 1385 265 1444 neutum
305 1370 413 1461 Quare
441 1374 470 1442 si
496 1396 549 1443 res
576 1397 633 1443 eae
661 1397 741 1468 quas
760 1373 924 1466 gessimus
944 1372 1031 1442 orbis
1050 1383 1158 1444 terrae

116 1471 304 1566 regionibus
331 1473 548 1560 deliniuntur,
587 1497 705 1567 cupere
733 1473 907 1562 debemus,
945 1495 1008 1568 quo
1034 1473 1161 1546 eminus

74 1585 81 1598 ·
118 1593 268 1644 manuum
299 1587 483 1643 nostrarum
514 1572 580 1643 tela
610 1575 843 1666 pervenerint,
865 1573 998 1646 'eodem
1024 1571 1161 1664 gloriam

119 1672 297 1764 famamque
324 1685 513 1764 penetrare:
543 1673 642 1765 quod,
670 1661 847 1764 cumipsis
871 1672 996 1764 populis
1020 1670 1059 1738 de
1083 1692 1162 1762 quo·
1237 1717 1240 1724 .

119 1769 322 1844 rum'rebus
350 1769 503 1841 scribitur
528 1769 608 1840 baec
638 1772 742 1864 ampla
773 1785 872 1858 sunt,
911 1785 979 1841 tum
1005 1770 1045 1840 iis
1073 1773 1161 1839 certe
1194 1801 1196 1806 ·

119 1872 176 1965 qui
207 1870 250 1940 de
278 1871 348 1940 vita
378 1871 502 1964 gloriae
527 1894 644 1940 caussa
671 1872 822 1943 dimicant
845 1871 905 1941 boc
929 1871 1101 1940 maximum
1128 1879 1163 1942 et

120 1970 337 2064 periculorum
360 1971 600 2042 incitamentum
623 1986 676 2041 est
695 1986 729 2041 et
745 1971 904 2043 laborum.
961 1969 1064 2059 Quam
1081 1969 1161 2040 mul·
1178 1997 1215 2052 ῃ
1332 2007 1336 2014 ·

43 2157 46 2162 ⁵
121 2085 175 2142 tos
209 2073 385 2164 scriptores
418 2095 526 2141 rerum
559 2094 689 2142 suarum
724 2095 860 2166 magnus
890 2065 945 2142 ille
974 2069 1164 2141 Alexander

123 2195 234 2242 secum
259 2170 410 2242 habuisse
438 2168 572 2242 dicitur!
598 2168 708 2264 Atque
736 2173 894 2242 is‘tamen
921 2193 993 2240 cum
1011 2172 1043 2240 in
1062 2167 1162 2263 Sigeo

123 2271 164 2342 ad
194 2268 329 2342 Achillis
359 2272 524 2341 tumulum
546 2270 729 2340 adstitisset
756 2269 1004 2361 Ofortuoatc,
1044 2269 1162 2364 inquit,

125 2371 354 2460 adolescens,
387 2371 449 2462 qui
482 2380 561 2438 tuac
593 2371 730 2439 orbantes
754 2369 935 2441 Homerum
954 2392 1165 2463 praeconem
1206 2413 1209 2422 .

125 2471 333 2542 theocorus!
369 2467 414 2540 Et
443 2492 536 2540 vere.
590 2469 675 2542 Nam
702 2470 766 2541 nisi
794 2471 870 2544 Ilias
898 2471 953 2540 illa
984 2470 1163 2558 extitisset,
1186 2511 1189 2518 ·

125 2571 208 2642 idem
236 2572 378 2642 tumulus
406 2571 460 2663 qui
487 2592 603 2663 corpus
632 2572 702 2642 eius
727 2585 918 2644 contexerat
934 2593 1052 2663 nornen
1070 2571 1166 2641 etiam

127 2672 329 2743 obruisset..
358 2667 465 2760 Quid?
490 2684 602 2740 noster
628 2671 681 2740 ille
699 2669 840 2763 Magnus
866 2671 922 2764 qui
950 2694 1022 2740 cum
1043 2672 1166 2740 virtute
1217 2705 1221 2712 ·

126 2771 286 2842 fortunam
316 2770 511 2862 adaequavit
536 2791 641 2838 nonne
663 2769 893 2861 Theophanem
918 2767 1166 2862 Mitylenaeum,

128 2872 320 2964 scriptorem
345 2891 455 2938 rerum
477 2890 622 2955 suarum,
651 2868 685 2937 in
709 2869 864 2938 concione
882 2869 1017 2938 militum
1036 2868 1168 2938 civitate

128 2969 260 3040 donavit
286 2983 320 3038 et
346 2967 449 3037 nostri
476 2967 522 3036 illi
549 2968 650 3036 sortes
676 2968 739 3037 viri
767 2967 825 3038 sed
849 2969 964 3040 rustici
990 2968 1169 3038 nemilites

129 3067 297 3139 dulcedine
343 3066 479 3160 quadarn
521 3067 644 3160 gloriae
685 3070 838 3152 conmoti·
864 3069 955 3166 puasi
994 3069 1168 3161 participes

130 3167 275 3239 eiusdem
313 3166 417 3238 laudis
451 3191 568 3260 magno
602 3167 680 3238 illud
713 3169 853 3238 clamore
889 3163 1170 3260 adprobaverunt?

129 3269 241 3362 ltaque
275 3267 373 3338 credo
405 3268 434 3336 si
466 3269 549 3338 civis
578 3265 742 3339 Romanus
776 3267 915 3338 Archias
946 3265 1072 3358 legibus
1105 3288 1168 3335 non
1186 3287 1222 3356 π

129 3383 223 3439 esset
247 3381 285 3438 ut
310 3368 350 3438 ab
376 3369 485 3461 aliquo
505 3370 699 3458 imperatore
723 3369 854 3437 civitate
878 3367 1052 3437 donaretur
1073 3363 1169 3457 perii·

101 3491 207 3556 ,cere
238 3489 302 3536 non
334 3469 451 3559 potuit.
506 3465 603 3538 Sulla·
627 3490 700 3537 cum
731 3467 891 3559 Hispanos
918 3479 952 3537 et
979 3463 1088 3536 Gallos
1116 3463 1170 3536 do·
1218 3516 1223 3526 t

132 3579 225 3638 naret
251 3566 347 3636 credo
374 3566 457 3636 hunc
484 3580 647 3660 petentem
673 3555 895 3658 repudiasset:
936 3589 1030 3659 quem
1057 3590 1115 3636 nos
1139 3567 1172 3636 in

133 3668 289 3738 concione
322 3666 484 3755 vidimus,
526 3668 577 3738 cui
612 3691 685 3739 cum
713 3666 857 3738 libellurn
882 3667 985 3737 malus
1011 3680 1108 3758 poeta
1134 3666 1172 3736 de

133 3767 252 3862 populo
281 3765 496 3856 subiecisset,
516 3785 518 3790 ·
538 3767 622 3863 quod
654 3769 851 3861 epigramma
882 3768 1014 3837 iheum
1041 3765 1175 3834 lecisset

218 4050 265 4117 Χ.
292 4044 350 4109 ’23.
383 4072 442 4126 quo
474 4053 601 4121 eminas]
632 4070 694 4130 quo.
743 4052 795 4108 24.
827 4049 994 4116 inveneras]
1026 4047 1173 4108 lucenaria.

4 4141 8 4146 ’
134 4138 189 4224 2ρο
209 4137 256 4203 cui
274 4137 355 4218 cum]
375 4154 461 4212 qoam
481 4136 515 4192 ci.
606 4195 610 4198 .
