<?xml version="1.0" encoding="UTF-8"?>
<!DOCTYPE html PUBLIC "-//W3C//DTD XHTML 1.0 Transitional//EN"
    "http://www.w3.org/TR/xhtml1/DTD/xhtml1-transitional.dtd">
<html xmlns="http://www.w3.org/1999/xhtml" xml:lang="en" lang="en">
 <head>
  <title>
</title>
<meta http-equiv="Content-Type" content="text/html;charset=utf-8" />
  <meta name='ocr-system' content='tesseract 3.04.00' />
  <meta name='ocr-capabilities' content='ocr_page ocr_carea ocr_par ocr_line ocrx_word'/>
</head>
<body>
  <div class='ocr_page' id='page_1' title='image "./mtulliiciceroni00stgoog_0035.png"; bbox 0 0 2884 4860; ppageno 0'>
   <div class='ocr_carea' id='block_1_1' title="bbox 253 397 1127 532">
    <p class='ocr_par' dir='ltr' id='par_1_1' title="bbox 253 397 1127 532">
     <span class='ocr_line' id='line_1_1' title="bbox 253 397 1127 532; baseline -0.002 -34"><span class='ocrx_word' id='word_1_1' title='bbox 253 397 262 410; x_wconf 80' lang='grc'><em>’</em></span> <span class='ocrx_word' id='word_1_2' title='bbox 287 435 351 498; x_wconf 83' lang='grc' dir='ltr'><strong>ιιι</strong></span> <span class='ocrx_word' id='word_1_3' title='bbox 416 488 441 532; x_wconf 41' lang='lat'>4</span> <span class='ocrx_word' id='word_1_4' title='bbox 527 429 680 496; x_wconf 84' lang='grc' dir='ltr'><strong>οιιιιο</strong></span> <span class='ocrx_word' id='word_1_5' title='bbox 703 429 784 496; x_wconf 86' lang='lat' dir='ltr'><strong>rno</strong></span> <span class='ocrx_word' id='word_1_6' title='bbox 805 429 958 506; x_wconf 82' lang='grc' dir='ltr'><strong>ιιιοιιιι</strong></span> <span class='ocrx_word' id='word_1_7' title='bbox 978 433 1127 500; x_wconf 79' lang='lat' dir='ltr'><strong>ronna.</strong></span> 
     </span>
    </p>
   </div>
   <div class='ocr_carea' id='block_1_2' title="bbox 142 591 1435 3708">
    <p class='ocr_par' dir='ltr' id='par_1_2' title="bbox 142 591 1435 3708">
     <span class='ocr_line' id='line_1_2' title="bbox 256 591 1344 720; baseline 0.006 -50"><span class='ocrx_word' id='word_1_8' title='bbox 256 637 266 688; x_wconf 69' lang='grc' dir='ltr'><strong><em>ς</em></strong></span> <span class='ocrx_word' id='word_1_9' title='bbox 306 601 416 688; x_wconf 84' lang='lat' dir='ltr'><strong>illum,</strong></span> <span class='ocrx_word' id='word_1_10' title='bbox 452 591 610 673; x_wconf 85' lang='lat' dir='ltr'><strong>summum</strong></span> <span class='ocrx_word' id='word_1_11' title='bbox 635 598 776 670; x_wconf 80' lang='lat' dir='ltr'><strong>Athenis</strong></span> <span class='ocrx_word' id='word_1_12' title='bbox 807 600 933 687; x_wconf 88' lang='lat' dir='ltr'><strong>virum,</strong></span> <span class='ocrx_word' id='word_1_13' title='bbox 969 601 1093 677; x_wconf 84' lang='lat' dir='ltr'>dixisse</span> <span class='ocrx_word' id='word_1_14' title='bbox 1123 602 1234 720; x_wconf 81' lang='lat' dir='ltr'><strong>aiunt,</strong></span> <span class='ocrx_word' id='word_1_15' title='bbox 1271 627 1344 677; x_wconf 84' lang='lat' dir='ltr'><strong>oum</strong></span> 
     </span>
     <span class='ocr_line' id='line_1_3' title="bbox 306 699 1344 816; baseline 0.006 -46"><span class='ocrx_word' id='word_1_16' title='bbox 306 721 350 770; x_wconf 86' lang='lat' dir='ltr'><strong>ex</strong></span> <span class='ocrx_word' id='word_1_17' title='bbox 381 723 420 768; x_wconf 90' lang='lat' dir='ltr'><strong>eo</strong></span> <span class='ocrx_word' id='word_1_18' title='bbox 453 711 677 792; x_wconf 70' lang='lat' dir='ltr'><strong>quaereretur</strong></span> <span class='ocrx_word' id='word_1_19' title='bbox 700 699 792 816; x_wconf 81' lang='lat' dir='ltr'><strong>qaod</strong></span> <span class='ocrx_word' id='word_1_20' title='bbox 821 711 990 776; x_wconf 81' lang='lat' dir='ltr'><strong>acroama</strong></span> <span class='ocrx_word' id='word_1_21' title='bbox 1014 714 1076 774; x_wconf 82' lang='lat' dir='ltr'><strong>out</strong></span> <span class='ocrx_word' id='word_1_22' title='bbox 1103 725 1202 778; x_wconf 80' lang='lat' dir='ltr'><strong>cacos</strong></span> <span class='ocrx_word' id='word_1_23' title='bbox 1227 727 1344 776; x_wconf 84' lang='lat' dir='ltr'><strong>oocero</strong></span> 
     </span>
     <span class='ocr_line' id='line_1_4' title="bbox 304 797 1344 897; baseline 0.006 -29"><span class='ocrx_word' id='word_1_24' title='bbox 304 797 531 870; x_wconf 65' lang='lat' dir='ltr'><strong>odoacarem</strong></span> <span class='ocrx_word' id='word_1_25' title='bbox 553 799 712 872; x_wconf 70' lang='lat' dir='ltr'><strong>coderet:</strong></span> <span class='ocrx_word' id='word_1_26' title='bbox 751 802 825 870; x_wconf 80' lang='lat' dir='ltr'><strong>erico</strong></span> <span class='ocrx_word' id='word_1_27' title='bbox 852 823 873 870; x_wconf 91' lang='lat' dir='ltr'><strong>o</strong></span> <span class='ocrx_word' id='word_1_28' title='bbox 900 824 965 893; x_wconf 83' lang='lat' dir='ltr'><strong>quo</strong></span> <span class='ocrx_word' id='word_1_29' title='bbox 991 825 1056 872; x_wconf 84' lang='lat' dir='ltr'><strong>ouo</strong></span> <span class='ocrx_word' id='word_1_30' title='bbox 1082 805 1193 874; x_wconf 71' lang='lat' dir='ltr'><strong>cortus</strong></span> <span class='ocrx_word' id='word_1_31' title='bbox 1219 807 1344 897; x_wconf 82' lang='lat' dir='ltr'><strong>optcioe</strong></span> 
     </span>
     <span class='ocr_line' id='line_1_5' title="bbox 298 894 1343 1014; baseline 0.006 -46"><span class='ocrx_word' id='word_1_32' title='bbox 298 899 581 992; x_wconf 71' lang='lat' dir='ltr'><strong>praedicaretur.</strong></span> <span class='ocrx_word' id='word_1_33' title='bbox 624 898 739 1014; x_wconf 83' lang='lat' dir='ltr'><strong>ltaque</strong></span> <span class='ocrx_word' id='word_1_34' title='bbox 758 900 811 968; x_wconf 88' lang='lat' dir='ltr'><strong>ille</strong></span> <span class='ocrx_word' id='word_1_35' title='bbox 830 899 954 972; x_wconf 86' lang='lat' dir='ltr'><strong>Marius</strong></span> <span class='ocrx_word' id='word_1_36' title='bbox 972 894 1056 972; x_wconf 88' lang='lat' dir='ltr'><strong>idem</strong></span> <span class='ocrx_word' id='word_1_37' title='bbox 1076 903 1252 976; x_wconf 84' lang='lat' dir='ltr'><strong>eximieL.</strong></span> <span class='ocrx_word' id='word_1_38' title='bbox 1268 903 1343 974; x_wconf 92' lang='lat' dir='ltr'><strong>Plo·</strong></span> 
     </span>
     <span class='ocr_line' id='line_1_6' title="bbox 303 998 1347 1110; baseline 0.007 -42"><span class='ocrx_word' id='word_1_39' title='bbox 303 999 383 1068; x_wconf 91' lang='lat' dir='ltr'><strong>tinm</strong></span> <span class='ocrx_word' id='word_1_40' title='bbox 408 998 539 1085; x_wconf 86' lang='lat' dir='ltr'><strong>dilexit,</strong></span> <span class='ocrx_word' id='word_1_41' title='bbox 581 999 674 1068; x_wconf 88' lang='lat' dir='ltr'><strong>euius</strong></span> <span class='ocrx_word' id='word_1_42' title='bbox 696 1000 832 1097; x_wconf 88' lang='lat' dir='ltr'><strong>ingenio</strong></span> <span class='ocrx_word' id='word_1_43' title='bbox 859 1000 993 1110; x_wconf 84' lang='lat' dir='ltr'><strong>putabat</strong></span> <span class='ocrx_word' id='word_1_44' title='bbox 1018 1023 1057 1072; x_wconf 91' lang='lat' dir='ltr'><strong>ea</strong></span> <span class='ocrx_word' id='word_1_45' title='bbox 1084 1025 1165 1096; x_wconf 87' lang='lat' dir='ltr'><strong>quae</strong></span> <span class='ocrx_word' id='word_1_46' title='bbox 1192 1018 1347 1097; x_wconf 80' lang='lat' dir='ltr'><strong>gesserat</strong></span> 
     </span>
     <span class='ocr_line' id='line_1_7' title="bbox 251 1091 1345 1197; baseline 0.007 -29"><span class='ocrx_word' id='word_1_47' title='bbox 251 1111 284 1159; x_wconf 82' lang='lat'><strong>²1</strong></span> <span class='ocrx_word' id='word_1_48' title='bbox 303 1121 399 1190; x_wconf 88' lang='lat' dir='ltr'><strong>posse</strong></span> <span class='ocrx_word' id='word_1_49' title='bbox 425 1098 596 1170; x_wconf 87' lang='lat' dir='ltr'><strong>celebrari.</strong></span> <span class='ocrx_word' id='word_1_50' title='bbox 650 1091 904 1170; x_wconf 85' lang='lat' dir='ltr'><strong>Mithridaticum</strong></span> <span class='ocrx_word' id='word_1_51' title='bbox 929 1124 1010 1172; x_wconf 88' lang='lat' dir='ltr'><strong>vero</strong></span> <span class='ocrx_word' id='word_1_52' title='bbox 1033 1102 1166 1190; x_wconf 86' lang='lat' dir='ltr'><strong>bellum,</strong></span> <span class='ocrx_word' id='word_1_53' title='bbox 1192 1126 1345 1197; x_wconf 85' lang='lat' dir='ltr'><strong>magnum</strong></span> 
     </span>
     <span class='ocr_line' id='line_1_8' title="bbox 303 1198 1343 1320; baseline 0.006 -52"><span class='ocrx_word' id='word_1_54' title='bbox 303 1211 401 1292; x_wconf 88' lang='lat' dir='ltr'><strong>atque</strong></span> <span class='ocrx_word' id='word_1_55' title='bbox 425 1198 553 1270; x_wconf 87' lang='lat' dir='ltr'><strong>difficile</strong></span> <span class='ocrx_word' id='word_1_56' title='bbox 580 1211 614 1270; x_wconf 87' lang='lat' dir='ltr'><strong>et</strong></span> <span class='ocrx_word' id='word_1_57' title='bbox 636 1198 668 1268; x_wconf 92' lang='lat' dir='ltr'><strong>in</strong></span> <span class='ocrx_word' id='word_1_58' title='bbox 694 1200 794 1270; x_wconf 93' lang='lat' dir='ltr'><strong>multa</strong></span> <span class='ocrx_word' id='word_1_59' title='bbox 818 1201 976 1271; x_wconf 84' lang='lat' dir='ltr'><strong>varietate</strong></span> <span class='ocrx_word' id='word_1_60' title='bbox 998 1215 1086 1274; x_wconf 89' lang='lat' dir='ltr'><strong>terra</strong></span> <span class='ocrx_word' id='word_1_61' title='bbox 1107 1203 1248 1320; x_wconf 79' lang='lat' dir='ltr'><strong>marique</strong></span> <span class='ocrx_word' id='word_1_62' title='bbox 1268 1227 1343 1274; x_wconf 88' lang='lat' dir='ltr'><strong>ver·</strong></span> 
     </span>
     <span class='ocr_line' id='line_1_9' title="bbox 211 1297 1345 1397; baseline 0.007 -29"><span class='ocrx_word' id='word_1_63' title='bbox 211 1341 237 1352; x_wconf 70' lang='grc'><strong>»-</strong></span> <span class='ocrx_word' id='word_1_64' title='bbox 303 1313 430 1386; x_wconf 92' lang='lat' dir='ltr'><strong>satum,</strong></span> <span class='ocrx_word' id='word_1_65' title='bbox 465 1312 579 1370; x_wconf 88' lang='lat' dir='ltr'><strong>totum·</strong></span> <span class='ocrx_word' id='word_1_66' title='bbox 600 1297 638 1368; x_wconf 88' lang='lat' dir='ltr'><strong>ab</strong></span> <span class='ocrx_word' id='word_1_67' title='bbox 668 1297 728 1369; x_wconf 88' lang='lat' dir='ltr'><strong>boo</strong></span> <span class='ocrx_word' id='word_1_68' title='bbox 761 1323 953 1392; x_wconf 86' lang='lat' dir='ltr'><strong>expressum</strong></span> <span class='ocrx_word' id='word_1_69' title='bbox 986 1317 1060 1374; x_wconf 86' lang='lat' dir='ltr'><strong>est:</strong></span> <span class='ocrx_word' id='word_1_70' title='bbox 1100 1305 1155 1397; x_wconf 90' lang='lat' dir='ltr'><strong>qui</strong></span> <span class='ocrx_word' id='word_1_71' title='bbox 1181 1303 1254 1374; x_wconf 86' lang='lat' dir='ltr'><strong>libri</strong></span> <span class='ocrx_word' id='word_1_72' title='bbox 1279 1328 1345 1376; x_wconf 83' lang='lat' dir='ltr'><strong>nou</strong></span> 
     </span>
     <span class='ocr_line' id='line_1_10' title="bbox 302 1398 1345 1486; baseline 0.004 -16"><span class='ocrx_word' id='word_1_73' title='bbox 302 1399 395 1470; x_wconf 87' lang='lat' dir='ltr'><strong>modo</strong></span> <span class='ocrx_word' id='word_1_74' title='bbox 422 1399 466 1470; x_wconf 87' lang='lat' dir='ltr'><strong>L.</strong></span> <span class='ocrx_word' id='word_1_75' title='bbox 494 1398 681 1486; x_wconf 84' lang='lat' dir='ltr'><strong>Lucullum,</strong></span> <span class='ocrx_word' id='word_1_76' title='bbox 711 1399 923 1472; x_wconf 82' lang='lat' dir='ltr'><strong>fortissimum</strong></span> <span class='ocrx_word' id='word_1_77' title='bbox 945 1415 980 1472; x_wconf 89' lang='lat' dir='ltr'><strong>et</strong></span> <span class='ocrx_word' id='word_1_78' title='bbox 1003 1404 1216 1476; x_wconf 89' lang='lat' dir='ltr'><strong>clarissimum</strong></span> <span class='ocrx_word' id='word_1_79' title='bbox 1235 1404 1345 1476; x_wconf 91' lang='lat' dir='ltr'><strong>virum</strong></span> 
     </span>
     <span class='ocr_line' id='line_1_11' title="bbox 202 1497 1343 1597; baseline 0.006 -30"><span class='ocrx_word' id='word_1_80' title='bbox 202 1515 206 1527; x_wconf 92' lang='grc'><strong>’</strong></span> <span class='ocrx_word' id='word_1_81' title='bbox 270 1497 416 1590; x_wconf 66' lang='grc' dir='ltr'><strong>Ι’νιιιιιιι</strong></span> <span class='ocrx_word' id='word_1_82' title='bbox 446 1500 544 1570; x_wconf 87' lang='lat' dir='ltr'><strong>etiam</strong></span> <span class='ocrx_word' id='word_1_83' title='bbox 568 1498 677 1591; x_wconf 91' lang='lat' dir='ltr'><strong>populi</strong></span> <span class='ocrx_word' id='word_1_84' title='bbox 702 1499 836 1571; x_wconf 85' lang='lat' dir='ltr'><strong>Romani</strong></span> <span class='ocrx_word' id='word_1_85' title='bbox 863 1521 978 1586; x_wconf 88' lang='lat' dir='ltr'><strong>nomen</strong></span> <span class='ocrx_word' id='word_1_86' title='bbox 1005 1503 1181 1576; x_wconf 90' lang='lat' dir='ltr'><strong>illustrant.</strong></span> <span class='ocrx_word' id='word_1_87' title='bbox 1237 1501 1343 1597; x_wconf 84' lang='lat' dir='ltr'><strong>Popu-</strong></span> 
     </span>
     <span class='ocr_line' id='line_1_12' title="bbox 302 1599 1346 1698; baseline 0.005 -29"><span class='ocrx_word' id='word_1_88' title='bbox 302 1599 353 1670; x_wconf 91' lang='lat' dir='ltr'><strong>lus</strong></span> <span class='ocrx_word' id='word_1_89' title='bbox 384 1600 470 1692; x_wconf 89' lang='lat' dir='ltr'><strong>enim</strong></span> <span class='ocrx_word' id='word_1_90' title='bbox 494 1599 657 1670; x_wconf 88' lang='lat' dir='ltr'><strong>Romanus</strong></span> <span class='ocrx_word' id='word_1_91' title='bbox 684 1601 810 1693; x_wconf 84' lang='lat' dir='ltr'><strong>aperuit</strong></span> <span class='ocrx_word' id='word_1_92' title='bbox 834 1600 972 1674; x_wconf 85' lang='lat' dir='ltr'><strong>Lucullo</strong></span> <span class='ocrx_word' id='word_1_93' title='bbox 1004 1604 1180 1698; x_wconf 73' lang='lat' dir='ltr'><strong>imperante</strong></span> <span class='ocrx_word' id='word_1_94' title='bbox 1203 1603 1346 1674; x_wconf 85' lang='lat' dir='ltr'><strong>Pontum</strong></span> 
     </span>
     <span class='ocr_line' id='line_1_13' title="bbox 301 1699 1344 1800; baseline 0.004 -30"><span class='ocrx_word' id='word_1_95' title='bbox 301 1714 337 1770; x_wconf 90' lang='lat' dir='ltr'><strong>et</strong></span> <span class='ocrx_word' id='word_1_96' title='bbox 361 1699 479 1793; x_wconf 88' lang='lat' dir='ltr'><strong>regiis</strong></span> <span class='ocrx_word' id='word_1_97' title='bbox 474 1699 644 1794; x_wconf 88' lang='lat' dir='ltr'><strong>quondam</strong></span> <span class='ocrx_word' id='word_1_98' title='bbox 671 1701 786 1793; x_wconf 89' lang='lat' dir='ltr'><strong>opibus</strong></span> <span class='ocrx_word' id='word_1_99' title='bbox 813 1704 943 1796; x_wconf 89' lang='lat' dir='ltr'><strong>etipsa</strong></span> <span class='ocrx_word' id='word_1_100' title='bbox 969 1719 1083 1776; x_wconf 88' lang='lat' dir='ltr'><strong>natura</strong></span> <span class='ocrx_word' id='word_1_101' title='bbox 1112 1706 1275 1800; x_wconf 82' lang='lat' dir='ltr'><strong>egregie</strong></span> <span class='ocrx_word' id='word_1_102' title='bbox 1271 1705 1344 1774; x_wconf 89' lang='lat' dir='ltr'><strong>val·</strong></span> 
     </span>
     <span class='ocr_line' id='line_1_14' title="bbox 302 1799 1346 1894; baseline 0.005 -25"><span class='ocrx_word' id='word_1_103' title='bbox 302 1799 421 1871; x_wconf 89' lang='lat' dir='ltr'><strong>latum:</strong></span> <span class='ocrx_word' id='word_1_104' title='bbox 446 1801 559 1894; x_wconf 87' lang='lat' dir='ltr'><strong>populi</strong></span> <span class='ocrx_word' id='word_1_105' title='bbox 584 1799 718 1870; x_wconf 85' lang='lat' dir='ltr'><strong>Romani</strong></span> <span class='ocrx_word' id='word_1_106' title='bbox 747 1804 914 1874; x_wconf 86' lang='lat' dir='ltr'><strong>exercitus</strong></span> <span class='ocrx_word' id='word_1_107' title='bbox 941 1805 1054 1876; x_wconf 89' lang='lat' dir='ltr'><strong>eodem</strong></span> <span class='ocrx_word' id='word_1_108' title='bbox 1080 1805 1161 1876; x_wconf 88' lang='lat' dir='ltr'><strong>duee</strong></span> <span class='ocrx_word' id='word_1_109' title='bbox 1187 1828 1251 1874; x_wconf 93' lang='lat' dir='ltr'><strong>non</strong></span> <span class='ocrx_word' id='word_1_110' title='bbox 1277 1827 1346 1874; x_wconf 87' lang='lat' dir='ltr'><strong>ma·</strong></span> 
     </span>
     <span class='ocr_line' id='line_1_15' title="bbox 302 1899 1342 1993; baseline 0 -23"><span class='ocrx_word' id='word_1_111' title='bbox 302 1901 391 1970; x_wconf 85' lang='lat' dir='ltr'><strong>xima</strong></span> <span class='ocrx_word' id='word_1_112' title='bbox 428 1923 522 1972; x_wconf 90' lang='lat' dir='ltr'><strong>manu</strong></span> <span class='ocrx_word' id='word_1_113' title='bbox 557 1899 795 1989; x_wconf 90' lang='lat' dir='ltr'><strong>innumerabilis</strong></span> <span class='ocrx_word' id='word_1_114' title='bbox 828 1899 1056 1982; x_wconf 85' lang='lat' dir='ltr'><strong>Armeniorum</strong></span> <span class='ocrx_word' id='word_1_115' title='bbox 1090 1905 1229 1993; x_wconf 82' lang='lat' dir='ltr'><strong>copias</strong></span> <span class='ocrx_word' id='word_1_116' title='bbox 1225 1900 1342 1974; x_wconf 78' lang='lat' dir='ltr'><strong>ludit:</strong></span> 
     </span>
     <span class='ocr_line' id='line_1_16' title="bbox 302 1996 1346 2094; baseline 0 -24"><span class='ocrx_word' id='word_1_117' title='bbox 302 2001 411 2094; x_wconf 85' lang='lat' dir='ltr'><strong>populi</strong></span> <span class='ocrx_word' id='word_1_118' title='bbox 437 2000 572 2073; x_wconf 86' lang='lat' dir='ltr'><strong>Romani</strong></span> <span class='ocrx_word' id='word_1_119' title='bbox 596 2001 667 2070; x_wconf 91' lang='lat' dir='ltr'><strong>laus</strong></span> <span class='ocrx_word' id='word_1_120' title='bbox 694 2014 746 2069; x_wconf 89' lang='lat' dir='ltr'><strong>est</strong></span> <span class='ocrx_word' id='word_1_121' title='bbox 771 1999 883 2070; x_wconf 86' lang='lat' dir='ltr'><strong>urbem</strong></span> <span class='ocrx_word' id='word_1_122' title='bbox 910 2003 1134 2070; x_wconf 82' lang='lat' dir='ltr'><strong>amicissimam</strong></span> <span class='ocrx_word' id='word_1_123' title='bbox 1162 1996 1346 2094; x_wconf 80' lang='lat' dir='ltr'><strong>Cyziceno-</strong></span> 
     </span>
     <span class='ocr_line' id='line_1_17' title="bbox 216 2097 1344 2192; baseline 0 -20"><span class='ocrx_word' id='word_1_124' title='bbox 216 2097 219 2104; x_wconf 80' lang='grc'><strong>’</strong></span> <span class='ocrx_word' id='word_1_125' title='bbox 303 2101 543 2172; x_wconf 84' lang='lat' dir='ltr'><strong>rum-eiusdem</strong></span> <span class='ocrx_word' id='word_1_126' title='bbox 569 2099 703 2170; x_wconf 91' lang='lat' dir='ltr'><strong>oonsilio</strong></span> <span class='ocrx_word' id='word_1_127' title='bbox 730 2119 774 2168; x_wconf 80' lang='lat' dir='ltr'><strong>&#39;ex</strong></span> <span class='ocrx_word' id='word_1_128' title='bbox 801 2101 886 2169; x_wconf 91' lang='lat' dir='ltr'><strong>omni</strong></span> <span class='ocrx_word' id='word_1_129' title='bbox 908 2101 1029 2192; x_wconf 87' lang='lat' dir='ltr'><strong>impetu</strong></span> <span class='ocrx_word' id='word_1_130' title='bbox 1056 2100 1147 2191; x_wconf 88' lang='lat' dir='ltr'><strong>regio</strong></span> <span class='ocrx_word' id='word_1_131' title='bbox 1174 2123 1212 2168; x_wconf 90' lang='lat' dir='ltr'><strong>ao</strong></span> <span class='ocrx_word' id='word_1_132' title='bbox 1239 2102 1344 2172; x_wconf 87' lang='lat' dir='ltr'><strong>totius</strong></span> 
     </span>
     <span class='ocr_line' id='line_1_18' title="bbox 302 2198 1342 2293; baseline 0.001 -22"><span class='ocrx_word' id='word_1_133' title='bbox 302 2198 379 2272; x_wconf 88' lang='lat' dir='ltr'><strong>belli</strong></span> <span class='ocrx_word' id='word_1_134' title='bbox 412 2225 468 2271; x_wconf 92' lang='lat' dir='ltr'><strong>ore</strong></span> <span class='ocrx_word' id='word_1_135' title='bbox 501 2225 538 2270; x_wconf 91' lang='lat' dir='ltr'><strong>ao</strong></span> <span class='ocrx_word' id='word_1_136' title='bbox 571 2200 715 2270; x_wconf 85' lang='lat' dir='ltr'><strong>faucibus</strong></span> <span class='ocrx_word' id='word_1_137' title='bbox 746 2213 890 2293; x_wconf 87' lang='lat' dir='ltr'><strong>ereptam</strong></span> <span class='ocrx_word' id='word_1_138' title='bbox 921 2223 993 2269; x_wconf 89' lang='lat' dir='ltr'><strong>osse</strong></span> <span class='ocrx_word' id='word_1_139' title='bbox 1026 2213 1122 2292; x_wconf 89' lang='lat' dir='ltr'><strong>atque</strong></span> <span class='ocrx_word' id='word_1_140' title='bbox 1155 2207 1342 2272; x_wconf 80' lang='lat' dir='ltr'><strong>servatam:¹</strong></span> 
     </span>
     <span class='ocr_line' id='line_1_19' title="bbox 193 2298 1343 2394; baseline -0.003 -20"><span class='ocrx_word' id='word_1_141' title='bbox 193 2327 195 2334; x_wconf 73' lang='grc'>’</span> <span class='ocrx_word' id='word_1_142' title='bbox 304 2315 416 2375; x_wconf 89' lang='lat' dir='ltr'><strong>nostra</strong></span> <span class='ocrx_word' id='word_1_143' title='bbox 441 2323 568 2394; x_wconf 86' lang='lat' dir='ltr'><strong>semper</strong></span> <span class='ocrx_word' id='word_1_144' title='bbox 596 2301 719 2372; x_wconf 90' lang='lat' dir='ltr'><strong>leretur</strong></span> <span class='ocrx_word' id='word_1_145' title='bbox 745 2316 777 2372; x_wconf 89' lang='grc' dir='ltr'><strong>ιι</strong></span> <span class='ocrx_word' id='word_1_146' title='bbox 800 2298 1035 2394; x_wconf 82' lang='lat' dir='ltr'><strong>praedicabitur</strong></span> <span class='ocrx_word' id='word_1_147' title='bbox 1059 2299 1103 2372; x_wconf 85' lang='lat' dir='ltr'><strong>L.</strong></span> <span class='ocrx_word' id='word_1_148' title='bbox 1132 2299 1270 2372; x_wconf 81' lang='lat' dir='ltr'><strong>Lucullo</strong></span> <span class='ocrx_word' id='word_1_149' title='bbox 1295 2300 1343 2370; x_wconf 88' lang='lat' dir='ltr'><strong>di·</strong></span> 
     </span>
     <span class='ocr_line' id='line_1_20' title="bbox 304 2399 1343 2494; baseline -0.002 -20"><span class='ocrx_word' id='word_1_150' title='bbox 304 2405 439 2474; x_wconf 85' lang='lat' dir='ltr'><strong>micante</strong></span> <span class='ocrx_word' id='word_1_151' title='bbox 466 2425 538 2472; x_wconf 90' lang='lat' dir='ltr'><strong>cum</strong></span> <span class='ocrx_word' id='word_1_152' title='bbox 566 2401 744 2471; x_wconf 86' lang='lat' dir='ltr'><strong>interfectis</strong></span> <span class='ocrx_word' id='word_1_153' title='bbox 768 2401 900 2471; x_wconf 88' lang='lat' dir='ltr'><strong>ducibus</strong></span> <span class='ocrx_word' id='word_1_154' title='bbox 927 2399 1081 2494; x_wconf 86' lang='lat' dir='ltr'><strong>depressa</strong></span> <span class='ocrx_word' id='word_1_155' title='bbox 1102 2401 1241 2472; x_wconf 86' lang='lat' dir='ltr'><strong>bostium</strong></span> <span class='ocrx_word' id='word_1_156' title='bbox 1260 2401 1343 2472; x_wconf 82' lang='lat' dir='ltr'><strong>olas·</strong></span> 
     </span>
     <span class='ocr_line' id='line_1_21' title="bbox 304 2500 1339 2598; baseline -0.004 -25"><span class='ocrx_word' id='word_1_157' title='bbox 304 2505 351 2598; x_wconf 90' lang='lat' dir='ltr'><strong>sis</strong></span> <span class='ocrx_word' id='word_1_158' title='bbox 387 2516 419 2572; x_wconf 89' lang='lat' dir='ltr'><strong>et</strong></span> <span class='ocrx_word' id='word_1_159' title='bbox 446 2500 641 2572; x_wconf 87' lang='lat' dir='ltr'><strong>incredibilis</strong></span> <span class='ocrx_word' id='word_1_160' title='bbox 672 2501 756 2596; x_wconf 88' lang='lat' dir='ltr'><strong>apud</strong></span> <span class='ocrx_word' id='word_1_161' title='bbox 782 2500 950 2571; x_wconf 80' lang='lat' dir='ltr'><strong>Tenedum</strong></span> <span class='ocrx_word' id='word_1_162' title='bbox 980 2525 1088 2595; x_wconf 88' lang='lat' dir='ltr'><strong>pugna</strong></span> <span class='ocrx_word' id='word_1_163' title='bbox 1113 2501 1169 2570; x_wconf 87' lang='lat' dir='ltr'><strong>illa</strong></span> <span class='ocrx_word' id='word_1_164' title='bbox 1195 2501 1339 2584; x_wconf 73' lang='lat' dir='ltr'><strong>navaks3</strong></span> 
     </span>
     <span class='ocr_line' id='line_1_22' title="bbox 303 2593 1339 2719; baseline -0.001 -47"><span class='ocrx_word' id='word_1_165' title='bbox 303 2593 415 2674; x_wconf 90' lang='lat' dir='ltr'><strong>nostra</strong></span> <span class='ocrx_word' id='word_1_166' title='bbox 432 2617 509 2677; x_wconf 91' lang='lat' dir='ltr'><strong>sunt</strong></span> <span class='ocrx_word' id='word_1_167' title='bbox 521 2617 680 2719; x_wconf 28' lang='lat' dir='ltr'><strong>tropaea&amp;</strong></span> <span class='ocrx_word' id='word_1_168' title='bbox 689 2615 799 2672; x_wconf 88' lang='lat' dir='ltr'><strong>nostra</strong></span> <span class='ocrx_word' id='word_1_169' title='bbox 812 2603 1029 2688; x_wconf 88' lang='lat' dir='ltr'><strong>monumenta,</strong></span> <span class='ocrx_word' id='word_1_170' title='bbox 1050 2603 1152 2670; x_wconf 90' lang='lat' dir='ltr'><strong>nostri</strong></span> <span class='ocrx_word' id='word_1_171' title='bbox 1166 2600 1339 2692; x_wconf 84' lang='lat' dir='ltr'><strong>triumphi:</strong></span> 
     </span>
     <span class='ocr_line' id='line_1_23' title="bbox 303 2695 1435 2817; baseline -0.002 -43"><span class='ocrx_word' id='word_1_172' title='bbox 303 2725 386 2796; x_wconf 91' lang='lat' dir='ltr'><strong>quae</strong></span> <span class='ocrx_word' id='word_1_173' title='bbox 413 2727 548 2799; x_wconf 91' lang='lat' dir='ltr'><strong>quorum</strong></span> <span class='ocrx_word' id='word_1_174' title='bbox 572 2703 710 2796; x_wconf 91' lang='lat' dir='ltr'><strong>ingeniis</strong></span> <span class='ocrx_word' id='word_1_175' title='bbox 735 2702 962 2789; x_wconf 86' lang='lat' dir='ltr'><strong>ecferuntur,</strong></span> <span class='ocrx_word' id='word_1_176' title='bbox 965 2695 1043 2772; x_wconf 85' lang='lat' dir='ltr'><strong>ab&#39;&#39;</strong></span> <span class='ocrx_word' id='word_1_177' title='bbox 1022 2724 1063 2772; x_wconf 89' lang='lat' dir='ltr'><strong>us</strong></span> <span class='ocrx_word' id='word_1_178' title='bbox 1081 2701 1189 2817; x_wconf 84' lang='lat' dir='ltr'><strong>populi</strong></span> <span class='ocrx_word' id='word_1_179' title='bbox 1208 2700 1345 2772; x_wconf 84' lang='lat' dir='ltr'><strong>llomani</strong></span> <span class='ocrx_word' id='word_1_180' title='bbox 1434 2735 1435 2742; x_wconf 20' lang='grc' dir='ltr'><strong>Γ</strong></span> 
     </span>
     <span class='ocr_line' id='line_1_24' title="bbox 252 2798 1435 2894; baseline -0.003 -18"><span class='ocrx_word' id='word_1_181' title='bbox 252 2811 286 2863; x_wconf 85' lang='lat'><strong>²²</strong></span> <span class='ocrx_word' id='word_1_182' title='bbox 304 2805 387 2876; x_wconf 89' lang='lat' dir='ltr'><strong>lama</strong></span> <span class='ocrx_word' id='word_1_183' title='bbox 410 2804 603 2874; x_wconf 86' lang='lat' dir='ltr'><strong>celebratur.</strong></span> <span class='ocrx_word' id='word_1_184' title='bbox 658 2799 804 2872; x_wconf 87' lang='lat' dir='ltr'><strong>Carusl</strong></span> <span class='ocrx_word' id='word_1_185' title='bbox 803 2803 849 2872; x_wconf 90' lang='lat' dir='ltr'><strong>uit</strong></span> <span class='ocrx_word' id='word_1_186' title='bbox 789 2798 1023 2872; x_wconf 85' lang='grc' dir='ltr'><strong>ΑΓιΓιΓιιιιο</strong></span> <span class='ocrx_word' id='word_1_187' title='bbox 1048 2801 1208 2894; x_wconf 82' lang='lat' dir='ltr'><strong>superiori</strong></span> <span class='ocrx_word' id='word_1_188' title='bbox 1231 2814 1345 2872; x_wconf 88' lang='lat' dir='ltr'><strong>nostor</strong></span> <span class='ocrx_word' id='word_1_189' title='bbox 1434 2813 1435 2818; x_wconf 77' lang='grc'>’</span> 
     </span>
     <span class='ocr_line' id='line_1_25' title="bbox 303 2899 1345 2996; baseline -0.005 -21"><span class='ocrx_word' id='word_1_190' title='bbox 303 2904 427 2975; x_wconf 88' lang='lat' dir='ltr'><strong>Ennius</strong></span> <span class='ocrx_word' id='word_1_191' title='bbox 462 2906 571 2995; x_wconf 86' lang='lat' dir='ltr'><strong>itaquo</strong></span> <span class='ocrx_word' id='word_1_192' title='bbox 606 2900 701 2972; x_wconf 84' lang='lat' dir='ltr'><strong>etiarn</strong></span> <span class='ocrx_word' id='word_1_193' title='bbox 737 2904 770 2972; x_wconf 95' lang='lat' dir='ltr'><strong>in</strong></span> <span class='ocrx_word' id='word_1_194' title='bbox 802 2902 973 2996; x_wconf 87' lang='lat' dir='ltr'><strong>sepulchro</strong></span> <span class='ocrx_word' id='word_1_195' title='bbox 1000 2899 1184 2995; x_wconf 84' lang='lat' dir='ltr'><strong>Scipionum</strong></span> <span class='ocrx_word' id='word_1_196' title='bbox 1212 2913 1345 2994; x_wconf 90' lang='lat' dir='ltr'><strong>putatur</strong></span> 
     </span>
     <span class='ocr_line' id='line_1_26' title="bbox 227 2995 1419 3094; baseline -0.003 -21"><span class='ocrx_word' id='word_1_197' title='bbox 227 3004 231 3012; x_wconf 83' lang='lat'>&#39;</span> <span class='ocrx_word' id='word_1_198' title='bbox 303 3003 331 3073; x_wconf 92' lang='lat' dir='ltr'><strong>is</strong></span> <span class='ocrx_word' id='word_1_199' title='bbox 357 3026 432 3072; x_wconf 89' lang='lat' dir='ltr'><strong>esso</strong></span> <span class='ocrx_word' id='word_1_200' title='bbox 458 2995 673 3071; x_wconf 89' lang='lat' dir='ltr'><strong>constitutus</strong></span> <span class='ocrx_word' id='word_1_201' title='bbox 681 3027 698 3072; x_wconf 88' lang='grc' dir='ltr'><strong>ι</strong></span> <span class='ocrx_word' id='word_1_202' title='bbox 724 3024 897 3072; x_wconf 89' lang='lat' dir='ltr'><strong>marmore.</strong></span> <span class='ocrx_word' id='word_1_203' title='bbox 951 2999 1064 3072; x_wconf 77' lang='lat' dir='ltr'><strong>Atius</strong></span> <span class='ocrx_word' id='word_1_204' title='bbox 1088 3001 1234 3072; x_wconf 89' lang='lat' dir='ltr'><strong>laudibus</strong></span> <span class='ocrx_word' id='word_1_205' title='bbox 1253 3016 1344 3071; x_wconf 86' lang='lat' dir='ltr'><strong>uerte</strong></span> <span class='ocrx_word' id='word_1_206' title='bbox 1416 3087 1419 3094; x_wconf 85' lang='lat'><em>.</em></span> 
     </span>
     <span class='ocr_line' id='line_1_27' title="bbox 303 3098 1343 3196; baseline -0.003 -23"><span class='ocrx_word' id='word_1_207' title='bbox 303 3124 366 3173; x_wconf 90' lang='lat' dir='ltr'><strong>uon</strong></span> <span class='ocrx_word' id='word_1_208' title='bbox 392 3103 529 3171; x_wconf 90' lang='lat' dir='ltr'><strong>solum</strong></span> <span class='ocrx_word' id='word_1_209' title='bbox 521 3124 590 3192; x_wconf 77' lang='lat' dir='ltr'><strong>ipse</strong></span> <span class='ocrx_word' id='word_1_210' title='bbox 619 3104 674 3196; x_wconf 93' lang='lat' dir='ltr'><strong>qui</strong></span> <span class='ocrx_word' id='word_1_211' title='bbox 700 3102 772 3172; x_wconf 91' lang='lat' dir='ltr'><strong>laud</strong></span> <span class='ocrx_word' id='word_1_212' title='bbox 775 3117 848 3173; x_wconf 87' lang='lat' dir='ltr'><strong>atur</strong></span> <span class='ocrx_word' id='word_1_213' title='bbox 867 3102 935 3180; x_wconf 88' lang='lat' dir='ltr'><strong>sed</strong></span> <span class='ocrx_word' id='word_1_214' title='bbox 962 3098 1056 3171; x_wconf 61' lang='lat' dir='ltr'><strong>othon</strong></span> <span class='ocrx_word' id='word_1_215' title='bbox 1081 3102 1190 3194; x_wconf 89' lang='lat' dir='ltr'><strong>populi</strong></span> <span class='ocrx_word' id='word_1_216' title='bbox 1208 3101 1343 3172; x_wconf 88' lang='lat' dir='ltr'><strong>Romani</strong></span> 
     </span>
     <span class='ocr_line' id='line_1_28' title="bbox 303 3198 1434 3294; baseline -0.005 -21"><span class='ocrx_word' id='word_1_217' title='bbox 303 3224 419 3273; x_wconf 86' lang='lat' dir='ltr'><strong>nomen</strong></span> <span class='ocrx_word' id='word_1_218' title='bbox 448 3214 609 3271; x_wconf 85' lang='lat' dir='ltr'><strong>ornatur.</strong></span> <span class='ocrx_word' id='word_1_219' title='bbox 648 3201 683 3274; x_wconf 94' lang='lat' dir='ltr'><strong>ln</strong></span> <span class='ocrx_word' id='word_1_220' title='bbox 716 3204 839 3275; x_wconf 89' lang='lat' dir='ltr'><strong>caelum</strong></span> <span class='ocrx_word' id='word_1_221' title='bbox 867 3203 960 3272; x_wconf 93' lang='lat' dir='ltr'><strong>buius</strong></span> <span class='ocrx_word' id='word_1_222' title='bbox 986 3224 1125 3294; x_wconf 88' lang='lat' dir='ltr'><strong>proavus</strong></span> <span class='ocrx_word' id='word_1_223' title='bbox 1151 3198 1231 3270; x_wconf 90' lang='lat' dir='ltr'><strong>Cato</strong></span> <span class='ocrx_word' id='word_1_224' title='bbox 1258 3202 1343 3271; x_wconf 84' lang='lat' dir='ltr'><strong>tolli·</strong></span> <span class='ocrx_word' id='word_1_225' title='bbox 1433 3261 1434 3267; x_wconf 73' lang='grc'>,</span> 
     </span>
     <span class='ocr_line' id='line_1_29' title="bbox 142 3299 1341 3397; baseline -0.003 -23"><span class='ocrx_word' id='word_1_226' title='bbox 142 3355 144 3360; x_wconf 89' lang='grc'>-</span> <span class='ocrx_word' id='word_1_227' title='bbox 232 3389 234 3394; x_wconf 23' lang='grc' dir='ltr'>Ι</span> <span class='ocrx_word' id='word_1_228' title='bbox 302 3317 377 3381; x_wconf 82' lang='lat' dir='ltr'><strong>tur:</strong></span> <span class='ocrx_word' id='word_1_229' title='bbox 418 3325 491 3394; x_wconf 90' lang='lat' dir='ltr'><strong>mag</strong></span> <span class='ocrx_word' id='word_1_230' title='bbox 494 3325 552 3373; x_wconf 94' lang='lat' dir='ltr'><strong>nus</strong></span> <span class='ocrx_word' id='word_1_231' title='bbox 584 3301 685 3374; x_wconf 94' lang='lat' dir='ltr'><strong>bonos</strong></span> <span class='ocrx_word' id='word_1_232' title='bbox 718 3301 826 3397; x_wconf 88' lang='lat' dir='ltr'><strong>populi</strong></span> <span class='ocrx_word' id='word_1_233' title='bbox 852 3302 986 3373; x_wconf 89' lang='lat' dir='ltr'><strong>Romani</strong></span> <span class='ocrx_word' id='word_1_234' title='bbox 1013 3299 1110 3370; x_wconf 91' lang='lat' dir='ltr'><strong>rebus</strong></span> <span class='ocrx_word' id='word_1_235' title='bbox 1142 3299 1341 3394; x_wconf 86' lang='lat' dir='ltr'><strong>adiungitur.</strong></span> 
     </span>
     <span class='ocr_line' id='line_1_30' title="bbox 304 3393 1343 3520; baseline -0.001 -49"><span class='ocrx_word' id='word_1_236' title='bbox 304 3401 423 3471; x_wconf 87' lang='lat' dir='ltr'><strong>Omnes</strong></span> <span class='ocrx_word' id='word_1_237' title='bbox 450 3402 587 3520; x_wconf 77' lang='lat' dir='ltr'><strong>denique</strong></span> <span class='ocrx_word' id='word_1_238' title='bbox 614 3393 659 3474; x_wconf 89' lang='lat' dir='ltr'><strong>illi</strong></span> <span class='ocrx_word' id='word_1_239' title='bbox 685 3404 834 3494; x_wconf 82' lang='lat' dir='ltr'><strong>Maximi,</strong></span> <span class='ocrx_word' id='word_1_240' title='bbox 858 3402 1020 3488; x_wconf 89' lang='lat' dir='ltr'><strong>Marcelli,</strong></span> <span class='ocrx_word' id='word_1_241' title='bbox 1047 3399 1155 3470; x_wconf 77' lang='lat' dir='ltr'><strong>Fulvii</strong></span> <span class='ocrx_word' id='word_1_242' title='bbox 1182 3425 1245 3471; x_wconf 93' lang='lat' dir='ltr'><strong>non</strong></span> <span class='ocrx_word' id='word_1_243' title='bbox 1273 3402 1343 3470; x_wconf 90' lang='lat' dir='ltr'><strong>sine</strong></span> 
     </span>
     <span class='ocr_line' id='line_1_31' title="bbox 304 3498 1433 3594; baseline 0.003 -24"><span class='ocrx_word' id='word_1_244' title='bbox 304 3503 462 3572; x_wconf 89' lang='lat' dir='ltr'><strong>communi</strong></span> <span class='ocrx_word' id='word_1_245' title='bbox 502 3506 641 3575; x_wconf 90' lang='lat' dir='ltr'><strong>omnium</strong></span> <span class='ocrx_word' id='word_1_246' title='bbox 675 3520 820 3576; x_wconf 88' lang='lat' dir='ltr'><strong>nostrum</strong></span> <span class='ocrx_word' id='word_1_247' title='bbox 854 3503 949 3573; x_wconf 87' lang='lat' dir='ltr'><strong>laude</strong></span> <span class='ocrx_word' id='word_1_248' title='bbox 984 3502 1190 3571; x_wconf 86' lang='lat' dir='ltr'><strong>decorantur.</strong></span> <span class='ocrx_word' id='word_1_249' title='bbox 1253 3498 1343 3594; x_wconf 89' lang='lat' dir='ltr'><strong>Ergo</strong></span> <span class='ocrx_word' id='word_1_250' title='bbox 1432 3507 1433 3516; x_wconf 77' lang='grc'>’</span> 
     </span>
     <span class='ocr_line' id='line_1_32' title="bbox 304 3600 1343 3708; baseline 0.001 -37"><span class='ocrx_word' id='word_1_251' title='bbox 304 3601 393 3671; x_wconf 89' lang='lat' dir='ltr'><strong>illum</strong></span> <span class='ocrx_word' id='word_1_252' title='bbox 426 3603 480 3698; x_wconf 90' lang='lat' dir='ltr'><strong>qui</strong></span> <span class='ocrx_word' id='word_1_253' title='bbox 507 3603 585 3674; x_wconf 90' lang='lat' dir='ltr'><strong>baec</strong></span> <span class='ocrx_word' id='word_1_254' title='bbox 619 3605 758 3694; x_wconf 88' lang='lat' dir='ltr'><strong>lecerat,</strong></span> <span class='ocrx_word' id='word_1_255' title='bbox 800 3604 960 3675; x_wconf 84' lang='lat' dir='ltr'><strong>Rudinum</strong></span> <span class='ocrx_word' id='word_1_256' title='bbox 987 3600 1166 3708; x_wconf 82' lang='lat' dir='ltr'><strong>bominem,</strong></span> <span class='ocrx_word' id='word_1_257' title='bbox 1205 3603 1343 3672; x_wconf 89' lang='lat' dir='ltr'><strong>maiores</strong></span> 
     </span>
    </p>
   </div>
   <div class='ocr_carea' id='block_1_3' title="bbox 301 3879 1346 4217">
    <p class='ocr_par' dir='ltr' id='par_1_3' title="bbox 305 3879 1346 4206">
     <span class='ocr_line' id='line_1_33' title="bbox 387 3879 1345 3954; baseline -0.004 -14"><span class='ocrx_word' id='word_1_258' title='bbox 387 3879 448 3942; x_wconf 83' lang='lat' dir='ltr'><strong>lx.</strong></span> <span class='ocrx_word' id='word_1_259' title='bbox 470 3890 521 3942; x_wconf 92' lang='grc'><strong>20.</strong></span> <span class='ocrx_word' id='word_1_260' title='bbox 546 3883 599 3941; x_wconf 87' lang='lat' dir='ltr'><strong>ille</strong></span> <span class='ocrx_word' id='word_1_261' title='bbox 624 3879 739 3940; x_wconf 84' lang='lat' dir='ltr'><strong>Marius</strong></span> <span class='ocrx_word' id='word_1_262' title='bbox 760 3879 849 3953; x_wconf 90' lang='lat' dir='ltr'><strong>idem]</strong></span> <span class='ocrx_word' id='word_1_263' title='bbox 872 3881 920 3938; x_wconf 81' lang='lat' dir='ltr'><strong>illc</strong></span> <span class='ocrx_word' id='word_1_264' title='bbox 938 3883 1151 3938; x_wconf 74' lang='lat' dir='ltr'><strong>Moriuaitcm</strong></span> <span class='ocrx_word' id='word_1_265' title='bbox 1186 3885 1237 3936; x_wconf 88' lang='grc'><strong>21.</strong></span> <span class='ocrx_word' id='word_1_266' title='bbox 1262 3897 1345 3954; x_wconf 86' lang='lat' dir='ltr'><strong>egra-</strong></span> 
     </span>
     <span class='ocr_line' id='line_1_34' title="bbox 305 3962 1346 4065; baseline -0.005 -42"><span class='ocrx_word' id='word_1_267' title='bbox 305 3965 365 4041; x_wconf 86' lang='lat' dir='ltr'><strong>gie]</strong></span> <span class='ocrx_word' id='word_1_268' title='bbox 385 3970 516 4041; x_wconf 75' lang='lat' dir='ltr'><strong>regionis.</strong></span> <span class='ocrx_word' id='word_1_269' title='bbox 558 3984 633 4039; x_wconf 86' lang='lat' dir='ltr'><strong>quae</strong></span> <span class='ocrx_word' id='word_1_270' title='bbox 656 3985 780 4038; x_wconf 87' lang='lat' dir='ltr'><strong>quorum</strong></span> <span class='ocrx_word' id='word_1_271' title='bbox 799 3965 926 4041; x_wconf 80' lang='lat' dir='ltr'><strong>ingeniis</strong></span> <span class='ocrx_word' id='word_1_272' title='bbox 937 3964 1126 4065; x_wconf 44' lang='grc' dir='ltr'><strong>ΗιιΓιιιιιιιιιι]</strong></span> <span class='ocrx_word' id='word_1_273' title='bbox 1151 3962 1254 4035; x_wconf 79' lang='lat' dir='ltr'><strong>Quare,</strong></span> <span class='ocrx_word' id='word_1_274' title='bbox 1275 3981 1346 4061; x_wconf 76' lang='lat' dir='ltr'><strong>opo-</strong></span> 
     </span>
     <span class='ocr_line' id='line_1_35' title="bbox 305 4043 1346 4126; baseline -0.005 -20"><span class='ocrx_word' id='word_1_275' title='bbox 305 4067 370 4106; x_wconf 84' lang='lat' dir='ltr'><strong>runt</strong></span> <span class='ocrx_word' id='word_1_276' title='bbox 398 4051 518 4122; x_wconf 73' lang='lat' dir='ltr'><strong>ingeniis</strong></span> <span class='ocrx_word' id='word_1_277' title='bbox 546 4049 620 4108; x_wconf 81' lang='lat' dir='ltr'><strong>buco</strong></span> <span class='ocrx_word' id='word_1_278' title='bbox 648 4048 786 4120; x_wconf 74' lang='grc' dir='ltr'><strong>[ιιιιιιιιιι.</strong></span> <span class='ocrx_word' id='word_1_279' title='bbox 851 4053 903 4107; x_wconf 85' lang='grc'><strong>22.</strong></span> <span class='ocrx_word' id='word_1_280' title='bbox 935 4049 998 4122; x_wconf 82' lang='lat' dir='ltr'><strong>ipse</strong></span> <span class='ocrx_word' id='word_1_281' title='bbox 1033 4048 1085 4121; x_wconf 85' lang='lat' dir='ltr'><strong>qui</strong></span> <span class='ocrx_word' id='word_1_282' title='bbox 1116 4043 1261 4126; x_wconf 83' lang='lat' dir='ltr'><strong>landatur]</strong></span> <span class='ocrx_word' id='word_1_283' title='bbox 1291 4047 1346 4120; x_wconf 82' lang='lat' dir='ltr'><strong>ipsi</strong></span> 
     </span>
     <span class='ocr_line' id='line_1_36' title="bbox 301 4129 775 4217; baseline 0 -28"><span class='ocrx_word' id='word_1_284' title='bbox 301 4133 356 4206; x_wconf 72' lang='lat' dir='ltr'><strong>uoti</strong></span> <span class='ocrx_word' id='word_1_285' title='bbox 377 4129 538 4217; x_wconf 68' lang='lat' dir='ltr'><strong>laudatum.</strong></span> <span class='ocrx_word' id='word_1_286' title='bbox 773 4151 775 4157; x_wconf 40' lang='lat'>⁸</span> 
     </span>
    </p>
   </div>
   <div class='ocr_carea' id='block_1_4' title="bbox 0 0 1446 4860">
    <p class='ocr_par' dir='ltr' id='par_1_4' title="bbox 0 0 1446 4860">
     <span class='ocr_line' id='line_1_37' title="bbox 0 0 1446 4860; baseline 0 0"><span class='ocrx_word' id='word_1_287' title='bbox 0 0 1446 4860; x_wconf 95' lang='lat' dir='ltr'><strong> </strong></span> 
     </span>
    </p>
   </div>
  </div>
 </body>
</html>
