2884 4860
278 449 301 512 ιι
397 445 398 450 ’
497 441 652 513 ORATIO
674 439 754 504 rito
779 437 929 503 ARCHIA
950 439 1097 504 POETA.
1121 440 1145 488 Ἀ

208 633 213 638 ·
279 625 333 684 tus
359 631 509 704 umquam
535 609 632 680 dediti
656 609 788 679 luimus.
826 606 956 678 Etenim
983 609 1094 678 omnes
1119 617 1207 686 artes
1232 625 1316 699 quae

280 712 320 782 ad
351 711 581 784 humanitatem
615 708 777 800 pertinent
811 707 938 777 habent
961 706 1118 800 quoddam
1151 729 1317 775 commune

87 821 90 828 '
202 837 206 844 ·
280 811 443 882 vinculum
479 823 513 880 et
548 810 639 903 quasi
673 809 866 928 cognatione
901 807 1035 902 quadam
1065 807 1150 877 inter
1182 829 1229 876 se
1243 829 1317 903 oon-

230 923 232 927 ·
279 913 434 982 tinentur.
845 939 848 948 ·

191 1117 263 1167 Μ
381 1073 448 1162 Sed
474 1095 514 1144 ne
530 1041 594 1142 cui
620 1083 767 1160 vestrum
792 1075 907 1143 mirum
934 1095 1007 1141 essc
1033 1069 1183 1140 videatur
1210 1091 1260 1140 me
1287 1077 1320 1140 in

281 1176 469 1268 quaestione
504 1173 647 1265 legitima
681 1186 715 1241 et
745 1173 779 1242 in
813 1173 930 1242 iudicio
965 1170 1117 1264 publico,
1160 1190 1231 1240 eum
1265 1194 1319 1252 res

282 1283 397 1368 agatur
429 1272 512 1366 apud
544 1285 725 1389 praetorem
757 1273 866 1390 populi
901 1271 1060 1357 Romani,
1104 1271 1321 1359 rectissimum

280 1373 411 1462 virum,
448 1386 482 1443 et
507 1372 590 1465 apud
617 1373 843 1444 severissimos
870 1372 1013 1479 iudices,
1042 1383 1132 1440 tanto
1159 1373 1321 1442 contentu

281 1473 442 1544 hominum
477 1497 513 1542 ao
547 1473 729 1566 frequentia
758 1473 818 1542 hoc
850 1473 899 1542 uti
934 1495 1056 1564 genere
1084 1470 1209 1541 dicendi
1236 1466 1321 1587 quod

281 1597 346 1644 non
383 1561 476 1643 modo
516 1597 536 1642 a
575 1573 804 1644 consuetudine
845 1572 1034 1670 iudiciorum
1073 1593 1188 1642 verum
1224 1573 1322 1640 ctiam

282 1670 455 1743 elorensi
487 1692 635 1744 sermone
668 1671 858 1743 abhorreat.
906 1696 1027 1766 quaeso
1044 1671 1196 1741 avobis
1224 1684 1260 1740 ut
1288 1673 1322 1740 in

281 1772 341 1840 ιιι
380 1767 606 1842 caussamihi
646 1773 729 1843 detis
768 1773 848 1843 hanc
886 1774 1014 1843 veniam
1054 1771 1323 1841 accommodatam

279 1869 354 1962 ¹htlic
385 1893 464 1956 reo,
501 1871 594 1939 tobis
632 1872 895 1962 quemadmodum
926 1894 1022 1964 spero
1046 1893 1109 1938 non
1136 1868 1321 1957 molestam,

281 1981 319 2038 ut
352 1991 401 2035 me
436 1991 519 2059 pro
531 1984 653 2036 summo
689 1983 786 2058 poeta
818 1983 914 2060 atque
947 1960 1166 2037 eruditissimo
1193 1967 1323 2038 homine

219 2075 222 2080 '
282 2059 464 2163 dicentem,
510 2064 569 2133 hoe
605 2080 765 2136 concursu
799 2067 960 2136 hominum
997 2067 1320 2158 litteratissimorum,

252 2165 347 2264 (ιιι
373 2179 484 2236 vestra
517 2164 737 2252 humanitate,
782 2166 841 2236 hoo
876 2166 1012 2260 denique
1048 2181 1198 2258 praetore
1225 2191 1322 2238 exer-

282 2278 376 2341 cente
398 2259 629 2337 iudiciumt
574 2279 629 2357 ιιι
630 2266 736 2334 iamini
759 2257 796 2335 de
818 2263 932 2336 studiis
953 2267 1158 2345 humanitatis
1177 2272 1214 2338 ιι
1234 2269 1321 2338 litte-

281 2387 390 2440 rarum
409 2365 504 2478 paulo
525 2365 611 2456 loqui
631 2343 764 2434 liberius
787 2375 821 2436 et
840 2368 871 2436 in
897 2368 1053 2439 eiusmodi
1076 2391 1214 2460 persono
1231 2387 1321 2460 quae

282 2476 415 2556 propter
438 2464 536 2531 otium
562 2482 599 2530 ae
625 2462 764 2532 studium
790 2467 918 2534 minime
942 2469 975 2534 in
1002 2468 1127 2537 indiciis
1143 2467 1321 2583 periculis-

188 2557 191 2562 ’
283 2583 344 2655 que
358 2574 516 2660 tractata
552 2573 604 2630 est
628 2564 675 2630 uti
705 2583 804 2680 prope
834 2587 918 2634 novo
945 2566 1080 2657 quodam
1106 2580 1140 2634 et
1165 2569 1321 2638 inusitato

248 2683 404 2754 4gcncre
430 2660 569 2736 dicendi
626 2659 769 2750 Quod'
743 2688 770 2732 sr
794 2661 856 2738 mih
860 2665 870 2732 i
894 2686 913 2732 a
937 2663 1043 2732 vobis
1051 2664 1149 2734 tribui
1171 2668 1321 2738 concedi·

238 2783 344 2854 que
372 2762 523 2848 sentiam,
551 2749 716 2853 perficiam
742 2765 887 2855 prolecto
914 2779 951 2834 ut
976 2764 1060 2834 hunc
1085 2762 1130 2834 A.
1158 2764 1321 2838 Licinium

270 2877 345 2928 non
365 2861 457 2956 modo
475 2883 538 2929 non
548 2859 800 2976 segregandum
823 2884 895 2934 cum
918 2865 960 2934 sit
977 2866 1060 2934 civis
1084 2887 1260 2935 acumem
1276 2870 1319 2937 ei·

280 2957 370 3026 vium
385 2975 498 3026 verum
514 2959 724 3030 etiamsinon
738 2968 954 3084 essctputetis
969 2963 1190 3034 asciscendum
1201 2967 1317 3037 luisse

195 3125 264 3192 qm.
291 3097 295 3102 '
381 3083 466 3156 Nam
500 3101 537 3156 ut
567 3084 721 3180 primum
729 3095 908 3183 expueris
936 3097 1079 3169 excessit
1104 3081 1244 3169 Archias
1271 3115 1317 3170 at·

282 3207 344 3278 qne
380 3185 473 3256 als'‘
453 3211 492 3255 ns
519 3189 640 3258 artibus
668 3189 795 3285 quilius
806 3204 894 3260 aetas
917 3194 1051 3288 puerilis
1076 3197 1115 3268 ad
1142 3199 1317 3294 humanita-

162 3377 166 3387 .
280 3299 346 3355 tem
378 3287 541 3357 informari
575 3277 659 3358 solet
683 3312 719 3358 se
748 3289 787 3359 ad
814 3281 972 3361 scribend'
944 3292 1030 3364 drt
999 3295 1140 3366 studium
1166 3312 1241 3379 cont
1227 3301 1316 3387 tulit,

279 3387 417 3476 primum
447 3383 638 3456 Antiochiae
672 3389 758 3480 (nam
795 3389 840 3459 ibi
877 3405 972 3484 natus
1011 3408 1062 3464 est
1097 3397 1168 3472 loco
1204 3399 1317 3491 nobili)

281 3482 400 3553 celebri
434 3485 590 3576 quondam
627 3485 706 3558 urbe
743 3503 798 3558 et
795 3491 939 3582 copiosa
968 3505 1063 3585 atque
1092 3497 1316 3568 eruditissimis

215 3631 216 3636 ι
279 3581 459 3654 hominibus
474 3585 842 3681 liberalissimisquct
804 3590 925 3660 studiis
952 3591 1126 3681 attinenti,
1166 3593 1317 3668 celeriter

279 3684 473 3755 antecellere
509 3685 699 3756 omnibus
691 3690 800 3780 ingeni
835 3691 938 3784 gloria
969 3694 1117 3788 contigit.
1173 3694 1292 3768 Post
1283 3721 1316 3768 m

279 3779 398 3853 ceteris
430 3781 530 3914 Asiae
564 3786 710 3878 partibus
745 3800 943 3885 cunctaeque
980 3781 1136 3864 Graeciae
1168 3798 1216 3867 sic
1244 3799 1313 3872 eius

358 4103 400 4167 ll.
425 4114 454 4168 3.
474 4111 677 4204 remissionum]
696 4107 883 4176 ιιιιιιιιιιιιιιι.
