2884 4860
297 459 300 463 ’
386 471 539 534 enarro
560 471 641 532 rno
664 471 817 534 aucum
837 467 984 536 roera
1182 481 1282 544 e·-

162 635 358 738 protessus?
407 637 506 708 lmmo
550 659 631 708 vero
675 639 718 708 iis
758 639 878 711 tabulis
917 648 995 735 pre
988 665 1084 716 esses
1121 667 1203 740 quae

163 737 252 808 solae
283 761 326 806 ex
360 737 415 806 illa
446 731 649 829 professione
678 740 884 858 collegioque
910 759 1094 835 praeturum
1120 746 1202 816 obti·
1257 781 1262 786 ·

161 835 239 908 nent
272 836 470 929 publicarum
504 838 684 912 tabularum
715 843 953 914 auctoritatem.
1012 845 1098 918 Nam
1129 859 1202 916 curu
1218 861 1246 912 ιι

52 955 56 962 ’
141 935 247 1029 Appi
273 935 401 1007 tabulae
429 939 648 1031 negligentius
675 939 866 1012 adservatae
892 944 1099 1028 dicerentur,
1138 945 1201 1017 Ga·

160 1037 226 1107 bini
254 1037 404 1132 quamdiu
430 1037 599 1108 incolumis
627 1041 686 1109 luit
714 1040 846 1127 levitas,
875 1059 950 1140 pust
968 1042 1202 1116 damnationem

160 1138 324 1226 calamitas
353 1157 478 1208 ornnem
504 1139 684 1208 tabularum
711 1139 805 1209 fidem
832 1144 1054 1234 resignasset:
1085 1143 1200 1216 Metel·

160 1222 233 1324 lus,
283 1238 376 1308 berno
415 1240 641 1310 sanctissimus
682 1195 1003 1338 modestissimirsquc
1044 1247 1197 1332 omnium,

161 1351 249 1408 tanta
274 1338 443 1429 diligentie
472 1341 531 1409 luit
558 1353 594 1409 ut
618 1339 657 1408 ad
682 1339 726 1410 L
755 1339 930 1412 Lentulum
958 1358 1144 1444 praetorem
1167 1357 1201 1415 εἰ

159 1436 199 1510 ed
232 1438 355 1508 iudices
383 1441 512 1509 venerit
535 1452 572 1510 et
601 1441 696 1509 unius
722 1443 858 1511 nominis
885 1443 981 1515 litura
1007 1469 1042 1515 se
1069 1469 1198 1513 conmo-

160 1551 227 1610 tum
257 1562 331 1608 esse
362 1538 496 1609 dixerit.
551 1539 676 1610 ttisv
641 1541 743 1632 igitur
774 1541 890 1613 tabulis
922 1545 1040 1616 nullam
1070 1545 1199 1618 lituram
1257 1567 1280 1600 ’-

93 1683 98 1690 -
159 1639 194 1710 ιιι
217 1635 416 1752 nomineA.
444 1639 552 1708 Licini
577 1640 709 1710 videtis.
1305 1637 1311 1649 '

263 1761 354 1895 Quae
380 1830 451 1880 cum
476 1808 520 1876 ita
547 1807 637 1896 sint,
666 1809 745 1908 quid
768 1810 929 1904 estquod
956 1798 995 1879 dc
1022 1811 1092 1880 eius
1119 1811 1249 1904 civi710

159 1919 226 1976 tate
254 1905 427 1994 dubitetis,
456 1911 647 1998 praesertim
674 1934 746 1980 cum
772 1909 843 1979 aliis
871 1933 998 2003 quoque
1025 1911 1057 1979 in
1084 1910 1196 1981 ciuita-

159 2005 243 2076 libus
271 2007 369 2077 luerit
393 2005 577 2100 ascriptus?
602 2007 730 2080 Etenim
755 2034 827 2081 cum
848 2010 1064 2080 mediocribus
1089 1987 1196 2079 multis

159 2119 193 2175 ct
217 2121 273 2176 aut
298 2107 384 2176 nulla
406 2121 466 2178 aut
490 2109 600 2178 bumili
626 2111 731 2203 aliqua
757 2127 826 2180 arte
852 2107 1007 2202 praeditis
1033 2134 1095 2180 non
1122 2133 1195 2202 gra·

157 2220 232 2276 vate
259 2208 423 2278 civitatem
448 2209 480 2278 ιιι
507 2206 647 2278 Graecia
671 2209 816 2280 lromincs
838 2210 1083 2302 impertiebant,
1112 2209 1209 2294 llbe-'

158 2307 253 2400 ginos
285 2307 382 2376 credo
413 2321 469 2376 aut
498 2308 677 2378 Locrensis
707 2323 764 2379 aut
789 2309 1020 2402 Neapolitanos
1053 2323 1109 2378 aut
1131 2308 1194 2377 Ta-

157 2408 303 2476 rentinas
338 2405 423 2499 qued
456 2409 593 2476 scenicis
627 2407 804 2481 artificibus
839 2410 920 2503 larg
890 2410 951 2479 σἰιι
986 2409 1133 2480 solebant
1163 2405 1195 2478 ιιι

158 2505 232 2575 huic
264 2529 386 2610 summa
417 2507 525 2600 ingeni
555 2509 699 2603 praedito
728 2511 838 2602 gloria
869 2511 1026 2580 noluisse
1086 2503 1196 2598 Quid?

157 2628 229 2674 cum
261 2605 374 2676 ceteri
388 2629 451 2676 non
478 2607 569 2678 modo
595 2623 669 2703 post
695 2611 859 2680 ciuitatem
886 2610 990 2680 datam
1016 2607 1194 2679 sedetiam

155 2718 231 2797 post
259 2705 366 2798 legem
392 2687 521 2798 Papiam
548 2709 655 2800 aliquo
687 2711 817 2776 modo
808 2733 841 2776 ιιι
869 2731 979 2775 corum
1005 2707 1194 2794 municipio-

155 2827 226 2875 rum
258 2806 383 2876 tabulas
416 2808 644 2895 inrepserunt,
686 2804 738 2872 bic
771 2803 825 2897 qui
859 2826 899 2871 ne
931 2803 1033 2871 utitur
1066 2803 1194 2895 quidem

154 2904 217 2998 illis
243 2907 276 2973 in
303 2902 419 2998 quibus
447 2915 499 2971 est
523 2903 663 2994 scriptus
691 2901 775 2996 quod
796 2925 924 2994 semper
947 2925 986 2970 se
1010 2899 1193 2979 Heraclien·

156 3027 225 3072 sem
256 3025 329 3070 esse
358 3001 462 3069 voluit
487 2999 679 3071 reiicicturi
721 3001 848 3072 Census
878 3016 1005 3072 nostres
1029 2999 1189 3094 requiris}
1211 3029 1242 3076 ιι

155 3099 307 3187 Scilicet,
336 3113 387 3169 est
410 3101 494 3170 eninr
520 3101 692 3172 obscurum
713 3104 887 3196 proximis
896 3101 1085 3172 censoribus
1108 3099 1192 3172 bunc
1299 3107 1304 3118 ’

156 3226 228 3271 cum
253 3201 465 3290 clarissimo
456 3217 649 3294 imperatore
672 3201 716 3275 L
736 3203 874 3274 Lucullo
902 3202 986 3293 apud
1013 3204 1192 3271 exercitum

155 3304 279 3391 luisse,
322 3284 561 3400 superioribus
575 3326 646 3373 curn
677 3295 789 3372 eodem
822 3315 995 3394 quaestore
1027 3300 1167 3370 luisse'
1159 3324 1192 3370 ιιι

154 3397 254 3489 Asia,
296 3403 408 3493 primis
445 3401 525 3472 lulio
561 3417 594 3472 et
627 3401 746 3476 Crasso
780 3401 898 3472 nullam
930 3399 1038 3516 pepuli
1069 3413 1193 3515 partem

156 3525 230 3570 essc
262 3523 404 3571 censam.
451 3499 533 3572 Sed
546 3502 695 3596 quoniam
725 3525 844 3575 census
875 3524 938 3570 non
968 3499 1018 3570 ius
1051 3501 1191 3569 civitatis

155 3597 323 3672 confirmat
352 3625 389 3672 ec
419 3601 634 3690 tantummodo
666 3601 785 3673 indicet
810 3625 888 3698 'eum
919 3602 973 3696 qui
1003 3598 1046 3670 sit
1067 3621 1192 3671 census
1253 3625 1256 3630 ·

238 3985 312 4050 V.'
303 4009 335 4046 ιιι
362 3991 489 4064 nemine]
516 3997 548 4048 in
576 3993 878 4046 portentosiora
902 3986 1032 4058 gravate]
1059 3985 1192 4057 moletto.

154 4074 370 4174 impertiebant]
390 4061 628 4148 iunpcrticbcatur.
657 4069 853 4165 inrepscpuut]
871 4067 1041 4139 irrepserint
1076 4070 1125 4120 ll.
1146 4081 1192 4121 re·

156 4159 260 4232 quirin.
308 4151 444 4231 Scilicet,
481 4159 526 4213 est
557 4151 647 4226 enim]
678 4153 799 4228 requiris
824 4147 1004 4206 scilicetn-
1031 4149 1084 4206 rte
1109 4150 1192 4204 cmm
