2884 4860
309 438 502 508 omnm
515 403 607 506 ’4444
624 438 778 545 uncam
797 437 1008 507 44444.
1141 447 1165 510 4)
1333 421 1335 430 ’

122 625 197 686 tum
224 581 400 714 ageremur
426 605 535 680 4114444
561 607 795 704 4444444441
820 613 968 704 quoties
977 611 1180 699 4444441444ι

120 713 261 784 eandem
294 727 364 781 4444
397 707 506 780 114444
532 711 735 784 commutatis
766 710 877 782 uerbis
905 727 1009 832 annue
1036 727 1164 783 sontem
1255 789 1258 796 ,

127 810 207 914 11141
248 811 338 901 Qtrae
364 829 447 880 4444
467 825 624 880 4444444414
650 809 861 903 cogitateque
882 809 1112 905 scripsisset,
1127 834 1166 883 44

123 905 175 984 sio
189 900 267 1012 'nidi
291 907 422 1005 probari
449 907 486 982 ut
511 897 551 981 nd
572 909 722 980 veterum
736 913 931 1014 sumptorum
949 911 1074 984 1444414444
1092 933 1165 1016 per·
1205 923 1207 930 “

123 1003 434 1094 ’444411441144444
448 1008 796 1103 43444411134411
811 1011 941 1082 nond
904 1009 1064 1082 4414114441
1102 1035 1196 1082 nou.
1264 1003 1296 1042 ”

121 1115 234 1182 omni
243 1112 385 1187 44111444·
397 1109 641 1182 defendendum
662 1108 794 1204 putem?
829 1107 940 1206 Atqui
959 1115 1006 1214 414
1032 1136 1065 1182 4
1068 1133 1164 1182 eum·
1184 1123 1211 1163 ³³

121 1213 187 1284 mis
215 1206 400 1282 bominibus
424 1211 721 1304 eruditissimisque
743 1213 950 1314 accepimus,
984 1222 1166 1282 ceternrutn

122 1309 235 1384 renum
260 1306 374 1386 studit
403 1323 438 1380 et
468 1311 614 1382 doctriua
644 1325 678 1380 et
709 1315 956 1408 praecentiset
986 1327 1058 1382 arte
1088 1323 1194 1382 eem'

121 1427 252 1500 stare,
272 1408 402 1506 poetam
433 1421 551 1483 natura
585 1413 654 1504 ipse
680 1411 798 1480 tulere
828 1425 861 1484 41
886 1415 1010 1482 mentis
1040 1398 1164 1484 uiribus
1256 1461 1260 1470 ,

125 1513 320 1583 4441144141
344 1506 438 1605 quasi
461 1512 567 1582 diuino
589 1510 726 1612 quodam
747 1510 862 1604 spiritu
883 1509 999 1593 14411441.
1056 1510 1165 1614 Quoue

47 1695 53 1702 Ι
124 1634 186 1683 suu
216 1615 288 1682 iure
318 1626 432 1680 nester
462 1612 515 1680 1114
547 1606 672 1680 Ennius
703 1623 833 1680 ’44444144
866 1610 1032 1704 appellat
1033 1609 1164 1703 poetes,

122 1712 212 1804 quod
235 1712 328 1803 quasi
347 1710 481 1779 deorum
503 1711 609 1802 aliquo
632 1710 716 1778 dono
739 1725 835 1802 atque
854 1731 987 1784 munere
1004 1730 1188 1786 eommen

39 1861 43 1866 -
119 1809 309 1881 detinebis
334 1804 638 1879 44444441444144.
644 1863 646 1867 .
675 1805 870 1901 8114341444,
900 1807 1049 1898 iudices,
1043 1859 1048 1868 -
1072 1813 1164 1880 seue·
1183 1829 1217 1878 44

122 1925 192 1982 tum
226 1906 320 2002 apud
344 1933 451 1992 vos,
468 1907 715 1979 humanissimos
750 1909 915 1996 homiues,
957 1911 1017 1981 boc
1050 1924 1164 2000 poetae
1236 1937 1240 1943 ·
1283 1911 1288 1939 ³

118 2031 244 2082 momen
268 2009 352 2111 quod
375 2010 462 2082 4444114
485 2030 635 2102 umquem
643 2006 798 2125 babaria·
816 2011 966 2082 violarit.-
1020 2009 1110 2082 Saxa
1131 2023 1166 2093 et
1212 1957 1265 2150 bs

49 2165 56 2170 -
120 2105 315 2182 solitudines
347 2110 435 2180 uoci
456 2109 671 2202 respondent,
689 2080 848 2180 Λ14441144
880 2135 978 2228 saepe
1009 2112 1164 2182 immanes

122 2210 422 2287 4441414414441441
447 2225 543 2303 atque
571 2212 773 2278 consistunt:
813 2233 876 2280 nos
900 2213 1039 2280 instituti
1066 2206 1164 2280 rebus
1271 2213 1274 2222 '
1301 2297 1304 2302 ,

120 2313 255 2403 optimis
283 2326 345 2380 4444)
369 2322 537 2401 poetarum
562 2329 644 2376 4444
671 2307 879 2378 moveamur?
894 2309 1077 2378 Homerum
1102 2307 1164 2378 Cu
1266 2323 1270 2326 ’

73 2403 293 2508 ’1411444411
299 2411 402 2478 einen
435 2429 509 2479 osse
542 2407 652 2478 41144444
676 2406 793 2497 suuni,
839 2405 912 2480 Chii
935 2429 1031 2480 suunt
1061 2408 1164 2479 vindi·
1223 2477 1231 2504 ,ι

122 2503 253 2598 41144441,
282 2506 446 2592 Salaminii
471 2522 641 2601 repetunt,
667 2506 865 2628 Smyrnaei
866 2533 946 2580 vero
967 2509 1071 2580 suum
1090 2508 1165 2580 es'se

123 2609 315 2680 confirmant
338 2611 449 2704 itaque
475 2612 573 2680 etiam
598 2609 766 2680 delubrum
791 2613 861 2680 eius
887 2612 918 2680 in
940 2611 1061 2702 oppido
1079 2609 1165 2681 dedi

120 2724 302 2780 eraverunt:
330 2712 482 2802 4444444111
509 2711 563 2780 alii
590 2723 759 2800 praeterea
784 2725 930 2802 pugnant
956 2712 1166 2783 1441444441

125 2829 189 2906 que
211 2807 423 2910 contendunt.
1069 2845 1071 2848 -
1203 2817 1208 2826 ·

224 2917 315 3044 11434)
350 2946 394 3018 ibi
416 2947 567 3020 alienum
603 2949 677 3042 quin
708 2962 897 3052 poetat
835 2943 904 3022 suit'.
926 2959 1001 3046 post
1031 2906 1226 3038 mortem1x

126 3053 222 3121 etiarn
255 3057 354 3142 expet
356 3055 429 3127 unt:
442 3072 541 3146 ,nos
556 3048 639 3142 hune
664 3051 792 3120 vivum
800 3066 832 3122 44
859 3053 913 3145 qui
931 3033 1106 3123 volumtate
1134 3057 1167 3139 ejt

119 3149 252 3248 legibus
277 3163 389 3220 noster
415 3161 467 3219 est
491 3149 720 3240 repudiamus,
755 3153 946 3246 praesertim
973 3176 1045 3222 eum
1072 3157 1165 3236 omne
1259 3169 1262 3174 ’

126 3252 199 3322 olim
226 3251 366 3324 studium
393 3263 489 3344 atque
517 3274 609 3320 omne
635 3252 802 3346 ingenium
828 3255 1002 3322 contulerit
1027 3229 1165 3334 Archias

13 3367 19 3373 '
80 3351 84 3360 ’
126 3351 164 3421 ad
203 3349 313 3445 populi
346 3345 481 3421 Rdmuni
518 3351 652 3443 glor-iam
688 3353 881 3446 laudemque
907 3329 1167 3420 celebrandam?

124 3451 208 3523 Nam
243 3461 277 3522 et
304 3447 482 3522 Cimbricas
516 3473 570 3520 res
597 3453 805 3522 adolescens
825 3453 904 3544 atti
887 3453 933 3521 411
961 3466 1003 3522 41
1025 3451 1085 3544 ipsi
1119 3445 1166 3519 1111

127 3550 166 3623 C
201 3551 306 3640 Mario
334 3553 392 3644 qui
414 3551 523 3621 durior
550 3549 589 3622 ad
616 3553 694 3622 14444
723 3552 829 3624 studia
857 3551 1061 3622 videbatur
1053 3575 1164 3636 meun-
1186 3613 1190 3624 .

52 3705 58 3714 .
126 3653 186 3724 41444
222 3653 297 3723 luit.
359 3649 492 3744 Neque*
517 3655 599 3723 euim
638 3655 805 3748 quisquam
833 3663 894 3722 est
929 3666 994 3724 14444
1016 3675 1164 3721 Ι44444444

125 3778 144 3830 4
169 3751 274 3826 Musis
306 3751 359 3841 qui
392 3775 456 3820 non
485 3749 627 3823 mandari
659 3753 808 3824 versibus
837 3767 1005 3823 4414444444
1033 3772 1165 3820 suorum

123 3852 270 3946 labarum
313 3849 406 3922 144114
447 3855 652 3947 praeconium
690 3855 864 3945 patiatur„
913 3850 1165 3931 Themistoclem

161 4095 163 4098 Ι
199 4102 760 4216 [111144.[444444444ῃ44444444444.
792 4133 852 4197 IX.
874 4141 922 4196 19.
940 4141 968 4196 41
984 4099 1045 4212 qui]
1063 4138 1112 4214 qui
1128 4145 1164 4197 41.
1215 4116 1219 4121 .
